<collection xmlns="http://www.loc.gov/MARC21/slim">
<record>
  <leader>00386nz  a2200133n  4500</leader>
  <controlfield tag="001">11257309</controlfield>
  <controlfield tag="003">DLC</controlfield>
  <controlfield tag="005">20200103072309.0</controlfield>
  <controlfield tag="008">200103n| azannaabn          |a aaa      </controlfield>
  <datafield tag="010" ind1=" " ind2=" ">
    <subfield code="a">n 2020000202</subfield>
  </datafield>
  <datafield tag="040" ind1=" " ind2=" ">
    <subfield code="a">DLC</subfield>
    <subfield code="b">eng</subfield>
    <subfield code="e">rda</subfield>
    <subfield code="c">DLC</subfield>
  </datafield>
  <datafield tag="100" ind1="1" ind2=" ">
    <subfield code="a">Rogers, Kristina,</subfield>
    <subfield code="d">1945-2011.</subfield>
    <subfield code="t">Works.</subfield>
    <subfield code="k">Selections</subfield>
  </datafield>
  <datafield tag="400" ind1="1" ind2=" ">
    <subfield code="a">Rogers, Kristina,</subfield>
    <subfield code="d">1945-2011.</subfield>
    <subfield code="t">Seeing without words</subfield>
  </datafield>
  <datafield tag="670" ind1=" " ind2=" ">
    <subfield code="a">Seeing without words, 2017</subfield>
  </datafield>
</record>