
<record>
  <leader>01302nz  a2200253n  4500</leader>
  <controlfield tag="001">11257313</controlfield>
  <controlfield tag="003">DLC</controlfield>
  <controlfield tag="005">20200103073002.0</controlfield>
  <controlfield tag="008">200101nc azannaabn          |b aaa     c</controlfield>
  <datafield tag="010" ind1=" " ind2=" ">
    <subfield code="a">no2019191250</subfield>
  </datafield>
  <datafield tag="035" ind1=" " ind2=" ">
    <subfield code="a">(OCoLC)oca12663951</subfield>
  </datafield>
  <datafield tag="040" ind1=" " ind2=" ">
    <subfield code="a">HkU</subfield>
    <subfield code="b">eng</subfield>
    <subfield code="e">rda</subfield>
    <subfield code="c">HkU</subfield>
  </datafield>
  <datafield tag="046" ind1=" " ind2=" ">
    <subfield code="f">1978</subfield>
    <subfield code="2">edtf</subfield>
  </datafield>
  <datafield tag="100" ind1="1" ind2=" ">
    <subfield code="a">Zhang, Liying,</subfield>
    <subfield code="d">1978-</subfield>
  </datafield>
  <datafield tag="370" ind1=" " ind2=" ">
    <subfield code="f">Beihai (China)</subfield>
    <subfield code="2">naf</subfield>
  </datafield>
  <datafield tag="372" ind1=" " ind2=" ">
    <subfield code="a">Information services</subfield>
    <subfield code="a">Cultural industries</subfield>
    <subfield code="a">Portuguese language</subfield>
    <subfield code="2">lcsh</subfield>
  </datafield>
  <datafield tag="373" ind1=" " ind2=" ">
    <subfield code="a">Zhuhai cheng shi zhi ye ji shu xue yuan</subfield>
  </datafield>
  <datafield tag="374" ind1=" " ind2=" ">
    <subfield code="a">University and college faculty members</subfield>
    <subfield code="2">lcdgt</subfield>
  </datafield>
  <datafield tag="375" ind1=" " ind2=" ">
    <subfield code="a">Females</subfield>
    <subfield code="2">lcdgt</subfield>
  </datafield>
  <datafield tag="377" ind1=" " ind2=" ">
    <subfield code="a">chi</subfield>
  </datafield>
  <datafield tag="400" ind1="1" ind2=" ">
    <subfield code="a">张丽英,</subfield>
    <subfield code="d">1978-</subfield>
  </datafield>
  <datafield tag="667" ind1=" " ind2=" ">
    <subfield code="a">Non-Latin script reference not evaluated.</subfield>
  </datafield>
  <datafield tag="670" ind1=" " ind2=" ">
    <subfield code="a">Pu yu guo jia guo qing yu Zhongguo Aomen de zhong yao zuo yong yan jiu, 2019:</subfield>
    <subfield code="b">title page (张丽英 = Zhang Liying) back cover flap (working at Zhuhai cheng shi zhi ye ji shu xue yuan; doctoral candidate in Portuguese language, Aomen cheng shi da xue; master in librarianship, Wuhan da xue, 2005; research on Portuguese culture, cultural industries and information services, etc.)</subfield>
  </datafield>
  <datafield tag="670" ind1=" " ind2=" ">
    <subfield code="a">Dongguan li gong xue yuan xue bao, vol.26 no.4:</subfield>
    <subfield code="b">page 116 (张丽英 = Zhang Liying; 1978-; female; native of Guangxi Beihai; lecturer, Zhuhai cheng shi zhi ye ji shu xue yuan tu xin xi zhong xin)</subfield>
  </datafield>
</record>