
<record>
  <leader>01268nz  a2200241n  4500</leader>
  <controlfield tag="001">11257316</controlfield>
  <controlfield tag="003">DLC</controlfield>
  <controlfield tag="005">20200103073002.0</controlfield>
  <controlfield tag="008">200101nc azannaabn          |b aaa     c</controlfield>
  <datafield tag="010" ind1=" " ind2=" ">
    <subfield code="a">no2019191330</subfield>
  </datafield>
  <datafield tag="035" ind1=" " ind2=" ">
    <subfield code="a">(OCoLC)oca12664131</subfield>
  </datafield>
  <datafield tag="040" ind1=" " ind2=" ">
    <subfield code="a">HkU</subfield>
    <subfield code="b">eng</subfield>
    <subfield code="e">rda</subfield>
    <subfield code="c">HkU</subfield>
  </datafield>
  <datafield tag="046" ind1=" " ind2=" ">
    <subfield code="f">1967-05</subfield>
    <subfield code="2">edtf</subfield>
  </datafield>
  <datafield tag="100" ind1="1" ind2=" ">
    <subfield code="a">Wang, Lixin,</subfield>
    <subfield code="d">1967 May-</subfield>
  </datafield>
  <datafield tag="370" ind1=" " ind2=" ">
    <subfield code="f">Qijiang Xian (China)</subfield>
    <subfield code="2">naf</subfield>
  </datafield>
  <datafield tag="372" ind1=" " ind2=" ">
    <subfield code="a">Information technology</subfield>
    <subfield code="a">Industrial management</subfield>
    <subfield code="2">lcsh</subfield>
  </datafield>
  <datafield tag="373" ind1=" " ind2=" ">
    <subfield code="a">Beijing you dian da xue. Jing ji guan li xue yuan</subfield>
  </datafield>
  <datafield tag="374" ind1=" " ind2=" ">
    <subfield code="a">University and college faculty members</subfield>
    <subfield code="2">lcdgt</subfield>
  </datafield>
  <datafield tag="377" ind1=" " ind2=" ">
    <subfield code="a">chi</subfield>
  </datafield>
  <datafield tag="400" ind1="1" ind2=" ">
    <subfield code="a">王立新,</subfield>
    <subfield code="d">1967 May-</subfield>
  </datafield>
  <datafield tag="667" ind1=" " ind2=" ">
    <subfield code="a">Non-Latin script reference not evaluated.</subfield>
  </datafield>
  <datafield tag="670" ind1=" " ind2=" ">
    <subfield code="a">Shi yu shi, 2017:</subfield>
    <subfield code="b">title page (王立新 = Wang Lixin) front cover flap (born in 1967; native of Chongqing Shi Qijiang Xian; graduated from Hua dong shi fan da xue zheng zhi jiao yu xi, 1988; teacher, Beijing you dian da xue jing ji guan li xue yuan; authored &quot;Yi bu shou ji da tian xia&quot;, etc.)</subfield>
  </datafield>
  <datafield tag="670" ind1=" " ind2=" ">
    <subfield code="a">Zhongguo nan fang yi shu yi dong ban WWW site, viewed December 16, 2019</subfield>
    <subfield code="b">(王立新 = Wang Lixini; born in May 1967; professor, Beijing you dian da xue MBA ke cheng; research areas: information technology, industrial management)</subfield>
    <subfield code="u">http://www.zgnfys.com/m/view.php?aid=47910</subfield>
  </datafield>
</record>