
<record>
  <leader>00953nz  a2200217n  4500</leader>
  <controlfield tag="001">11257320</controlfield>
  <controlfield tag="003">DLC</controlfield>
  <controlfield tag="005">20200103073003.0</controlfield>
  <controlfield tag="008">200101nc azannaabn          |b aaa     c</controlfield>
  <datafield tag="010" ind1=" " ind2=" ">
    <subfield code="a">no2019191427</subfield>
  </datafield>
  <datafield tag="035" ind1=" " ind2=" ">
    <subfield code="a">(OCoLC)oca12664228</subfield>
  </datafield>
  <datafield tag="040" ind1=" " ind2=" ">
    <subfield code="a">HkU</subfield>
    <subfield code="b">eng</subfield>
    <subfield code="e">rda</subfield>
    <subfield code="c">HkU</subfield>
  </datafield>
  <datafield tag="046" ind1=" " ind2=" ">
    <subfield code="f">1989</subfield>
    <subfield code="2">edtf</subfield>
  </datafield>
  <datafield tag="100" ind1="1" ind2=" ">
    <subfield code="a">Lin, Han,</subfield>
    <subfield code="d">1989-</subfield>
  </datafield>
  <datafield tag="372" ind1=" " ind2=" ">
    <subfield code="a">Mass media--Political aspects</subfield>
    <subfield code="a">National security</subfield>
    <subfield code="a">Strategy</subfield>
    <subfield code="2">lcsh</subfield>
  </datafield>
  <datafield tag="373" ind1=" " ind2=" ">
    <subfield code="a">Zhongguo ren min jie fang jun jun shi ke xue yuan</subfield>
    <subfield code="2">naf</subfield>
  </datafield>
  <datafield tag="373" ind1=" " ind2=" ">
    <subfield code="a">Beijing Xiangshan lun tan mi shu chu</subfield>
    <subfield code="a">Hai guo tu zhi yan jiu yuan</subfield>
  </datafield>
  <datafield tag="377" ind1=" " ind2=" ">
    <subfield code="a">chi</subfield>
  </datafield>
  <datafield tag="400" ind1="1" ind2=" ">
    <subfield code="a">林涵,</subfield>
    <subfield code="d">1989-</subfield>
  </datafield>
  <datafield tag="667" ind1=" " ind2=" ">
    <subfield code="a">Non-Latin script reference not evaluated.</subfield>
  </datafield>
  <datafield tag="670" ind1=" " ind2=" ">
    <subfield code="a">Zhan zheng shu, 2019:</subfield>
    <subfield code="b">title page (林涵 = Lin Han) front cover flap (born in 1989; master, Guo fang ke ji da xue; researcher, Jun shi ke xue yuan, Beijing Xiangshan lun tan mi shu chu, Hai guo tu zhi yan jiu yuan; research areas: new media and political work, national security strategy)</subfield>
  </datafield>
</record>