
<record>
  <leader>01020nz  a2200205n  4500</leader>
  <controlfield tag="001">11257323</controlfield>
  <controlfield tag="003">DLC</controlfield>
  <controlfield tag="005">20200103073003.0</controlfield>
  <controlfield tag="008">200102n| azannaabn          |n aaa     c</controlfield>
  <datafield tag="010" ind1=" " ind2=" ">
    <subfield code="a">no2019191430</subfield>
  </datafield>
  <datafield tag="035" ind1=" " ind2=" ">
    <subfield code="a">(OCoLC)oca12664231</subfield>
  </datafield>
  <datafield tag="040" ind1=" " ind2=" ">
    <subfield code="a">MiBsA</subfield>
    <subfield code="b">eng</subfield>
    <subfield code="c">MiBsA</subfield>
    <subfield code="e">rda</subfield>
  </datafield>
  <datafield tag="100" ind1="1" ind2=" ">
    <subfield code="a">Bassett, W. Philip</subfield>
  </datafield>
  <datafield tag="373" ind1=" " ind2=" ">
    <subfield code="a">Cedarville College, Ohio</subfield>
  </datafield>
  <datafield tag="374" ind1=" " ind2=" ">
    <subfield code="a">Teacher</subfield>
  </datafield>
  <datafield tag="375" ind1=" " ind2=" ">
    <subfield code="a">male</subfield>
  </datafield>
  <datafield tag="377" ind1=" " ind2=" ">
    <subfield code="a">eng</subfield>
  </datafield>
  <datafield tag="670" ind1=" " ind2=" ">
    <subfield code="a">Classroom implementation of cooperative learning, c1991:</subfield>
    <subfield code="b">t.p. (W. Philip Bassett, Ph.D. from Andrews University, Mich.) leaf 228 (B.S., Plymouth State College, N.H., 1977; M.A., Grace Theological Seminary, Ind., 1987; faculty, Cedarville College, Ohio)</subfield>
  </datafield>
  <datafield tag="670" ind1=" " ind2=" ">
    <subfield code="a">Andrews University website, Jan. 1, 2020</subfield>
    <subfield code="b">(W. Philip Bassett; gender: male)</subfield>
  </datafield>
  <datafield tag="678" ind1="0" ind2=" ">
    <subfield code="a">W. Philip Bassett graduated with B.S. from Plymouth State College, N.H. in 1977.  He finished his M.A. from Grace Theological SEminary, Ind. in 1987. He completed his Ph.D. from Andrews University, Mich. in 1991.  He taught at Cedarville College, Ohio.</subfield>
  </datafield>
</record>