
<record>
  <leader>01320nz  a2200241n  4500</leader>
  <controlfield tag="001">11257324</controlfield>
  <controlfield tag="003">DLC</controlfield>
  <controlfield tag="005">20200103073003.0</controlfield>
  <controlfield tag="008">200101nc azannaabn          |b aaa     c</controlfield>
  <datafield tag="010" ind1=" " ind2=" ">
    <subfield code="a">no2019191458</subfield>
  </datafield>
  <datafield tag="035" ind1=" " ind2=" ">
    <subfield code="a">(OCoLC)oca12664259</subfield>
  </datafield>
  <datafield tag="040" ind1=" " ind2=" ">
    <subfield code="a">HkU</subfield>
    <subfield code="b">eng</subfield>
    <subfield code="e">rda</subfield>
    <subfield code="c">HkU</subfield>
  </datafield>
  <datafield tag="046" ind1=" " ind2=" ">
    <subfield code="f">1958-06</subfield>
    <subfield code="2">edtf</subfield>
  </datafield>
  <datafield tag="100" ind1="1" ind2=" ">
    <subfield code="a">Ding, Yongjian,</subfield>
    <subfield code="d">1958-</subfield>
  </datafield>
  <datafield tag="371" ind1=" " ind2=" ">
    <subfield code="m">dyj@lzb.ac.cn</subfield>
  </datafield>
  <datafield tag="372" ind1=" " ind2=" ">
    <subfield code="a">Geography</subfield>
    <subfield code="a">Human geography</subfield>
    <subfield code="a">Cartography</subfield>
    <subfield code="2">lcsh</subfield>
  </datafield>
  <datafield tag="373" ind1=" " ind2=" ">
    <subfield code="a">Zhongguo ke xue yuan. Han qu han qu huan jing yu gong cheng yan jiu suo</subfield>
    <subfield code="2">naf</subfield>
    <subfield code="s">2000</subfield>
  </datafield>
  <datafield tag="375" ind1=" " ind2=" ">
    <subfield code="a">Males</subfield>
    <subfield code="2">lcsh</subfield>
  </datafield>
  <datafield tag="377" ind1=" " ind2=" ">
    <subfield code="a">chi</subfield>
  </datafield>
  <datafield tag="400" ind1="1" ind2=" ">
    <subfield code="a">丁永建,</subfield>
    <subfield code="d">1958-</subfield>
  </datafield>
  <datafield tag="667" ind1=" " ind2=" ">
    <subfield code="a">Non-Latin script reference not evaluated.</subfield>
  </datafield>
  <datafield tag="670" ind1=" " ind2=" ">
    <subfield code="a">Zhongguo bing dong quan bian hua de cui ruo xing yu shi ying yan jiu, 2019:</subfield>
    <subfield code="b">title page (丁永建 = Ding Yongjian) series editor&apos;s note (researcher, Zhongguo ke xue yuan han qu han qu huan jing yu gong cheng yan jiu suo)</subfield>
  </datafield>
  <datafield tag="670" ind1=" " ind2=" ">
    <subfield code="a">Zhongguo ke xue yuan xi bei sheng tai huan jing zi yuan yan jiu yuan WWW site, viewed December 16, 2019</subfield>
    <subfield code="b">(丁永建 = Ding Yongjian; male; researcher; born in June 1958; vice department head, Zhongguo ke xue yuan han qu han qu huan jing yu gong cheng yan jiu suo, 2000-; research areas: geography, human geography, cartography; email: dyj@lzb.ac.cn)</subfield>
    <subfield code="u">http://sourcedb.careeri.cas.cn/zw/expert/200906/t20090613_1044544.html</subfield>
  </datafield>
</record>