
<record>
  <leader>01243nz  a2200253n  4500</leader>
  <controlfield tag="001">11257325</controlfield>
  <controlfield tag="003">DLC</controlfield>
  <controlfield tag="005">20200103073003.0</controlfield>
  <controlfield tag="008">200102nc azannaabn          |b aaa     c</controlfield>
  <datafield tag="010" ind1=" " ind2=" ">
    <subfield code="a">no2019191459</subfield>
  </datafield>
  <datafield tag="035" ind1=" " ind2=" ">
    <subfield code="a">(OCoLC)oca12664260</subfield>
  </datafield>
  <datafield tag="040" ind1=" " ind2=" ">
    <subfield code="a">HkU</subfield>
    <subfield code="b">eng</subfield>
    <subfield code="e">rda</subfield>
    <subfield code="c">HkU</subfield>
  </datafield>
  <datafield tag="046" ind1=" " ind2=" ">
    <subfield code="f">1971</subfield>
    <subfield code="2">edtf</subfield>
  </datafield>
  <datafield tag="100" ind1="1" ind2=" ">
    <subfield code="a">Yang, Jianping,</subfield>
    <subfield code="d">1971-</subfield>
  </datafield>
  <datafield tag="370" ind1=" " ind2=" ">
    <subfield code="f">Fangshan Xian (Shanxi Sheng, China)</subfield>
    <subfield code="2">naf</subfield>
  </datafield>
  <datafield tag="371" ind1=" " ind2=" ">
    <subfield code="m">jianping@lzb.ac.cn</subfield>
  </datafield>
  <datafield tag="372" ind1=" " ind2=" ">
    <subfield code="a">Cryosphere</subfield>
    <subfield code="2">lcsh</subfield>
  </datafield>
  <datafield tag="373" ind1=" " ind2=" ">
    <subfield code="a">Zhongguo ke xue yuan. Han qu han qu huan jing yu gong cheng yan jiu suo</subfield>
    <subfield code="2">naf</subfield>
  </datafield>
  <datafield tag="375" ind1=" " ind2=" ">
    <subfield code="a">Females</subfield>
    <subfield code="2">lcdgt</subfield>
  </datafield>
  <datafield tag="377" ind1=" " ind2=" ">
    <subfield code="a">chi</subfield>
  </datafield>
  <datafield tag="400" ind1="1" ind2=" ">
    <subfield code="a">杨建平,</subfield>
    <subfield code="d">1971-</subfield>
  </datafield>
  <datafield tag="667" ind1=" " ind2=" ">
    <subfield code="a">Non-Latin script reference not evaluated.</subfield>
  </datafield>
  <datafield tag="670" ind1=" " ind2=" ">
    <subfield code="a">Zhongguo bing dong quan bian hua de cui ruo xing yu shi ying yan jiu, 2019:</subfield>
    <subfield code="b">title page (杨建平 = Yang Jianping) series editor&apos;s note (researcher, Zhongguo ke xue yuan han qu han qu huan jing yu gong cheng yan jiu suo)</subfield>
  </datafield>
  <datafield tag="670" ind1=" " ind2=" ">
    <subfield code="a">Di qiu ke xue jin zhan, vol.30 no.5:</subfield>
    <subfield code="b">page 517 (杨建平 = Yang Jianping; of Zhongguo ke xue yuan han qu han qu huan jing yu gong cheng yan jiu suo bing dong quan ke xue guo jia zhong dian shi yan shi; 1971-; female; native of Shanxi Fangshan; assistant researcher; research on cryosphere; email: jianping@lzb.ac.cn)</subfield>
  </datafield>
</record>