
<record>
  <leader>00607nz  a2200181n  4500</leader>
  <controlfield tag="001">11257330</controlfield>
  <controlfield tag="003">DLC</controlfield>
  <controlfield tag="005">20200103073003.0</controlfield>
  <controlfield tag="008">200102n| azannaabn          |b aaa     c</controlfield>
  <datafield tag="010" ind1=" " ind2=" ">
    <subfield code="a">no2019191499</subfield>
  </datafield>
  <datafield tag="035" ind1=" " ind2=" ">
    <subfield code="a">(OCoLC)oca12664300</subfield>
  </datafield>
  <datafield tag="040" ind1=" " ind2=" ">
    <subfield code="a">PPiU</subfield>
    <subfield code="b">eng</subfield>
    <subfield code="e">rda</subfield>
    <subfield code="c">PPiU</subfield>
  </datafield>
  <datafield tag="100" ind1="1" ind2=" ">
    <subfield code="a">Lavruk, Petr</subfield>
  </datafield>
  <datafield tag="400" ind1="1" ind2=" ">
    <subfield code="a">Лаврук, Петр</subfield>
  </datafield>
  <datafield tag="400" ind1="1" ind2=" ">
    <subfield code="a">Lavruk, P. P.</subfield>
  </datafield>
  <datafield tag="400" ind1="1" ind2=" ">
    <subfield code="a">Лаврук, П. П.</subfield>
  </datafield>
  <datafield tag="667" ind1=" " ind2=" ">
    <subfield code="a">Non-Latin script reference not evaluated.</subfield>
  </datafield>
  <datafield tag="670" ind1=" " ind2=" ">
    <subfield code="a">Krasnye generaly v nemet︠s︡kom plenu, 2019:</subfield>
    <subfield code="b">title page (Петр Лаврук = Petr Lavruk) title page verso (Лаврук П.П. = Lavruk P.P.)</subfield>
  </datafield>
</record>