
<record>
  <leader>01107nz  a2200253n  4500</leader>
  <controlfield tag="001">11257333</controlfield>
  <controlfield tag="003">DLC</controlfield>
  <controlfield tag="005">20200103073003.0</controlfield>
  <controlfield tag="008">200101nc azannaabn          |b aaa     c</controlfield>
  <datafield tag="010" ind1=" " ind2=" ">
    <subfield code="a">no2019191515</subfield>
  </datafield>
  <datafield tag="035" ind1=" " ind2=" ">
    <subfield code="a">(OCoLC)oca12664316</subfield>
  </datafield>
  <datafield tag="040" ind1=" " ind2=" ">
    <subfield code="a">HkU</subfield>
    <subfield code="b">eng</subfield>
    <subfield code="e">rda</subfield>
    <subfield code="c">HkU</subfield>
  </datafield>
  <datafield tag="046" ind1=" " ind2=" ">
    <subfield code="f">1985</subfield>
    <subfield code="2">edtf</subfield>
  </datafield>
  <datafield tag="100" ind1="1" ind2=" ">
    <subfield code="a">Wang, Xiaoli</subfield>
    <subfield code="c">(Researcher on coastal ecology),</subfield>
    <subfield code="d">1985-</subfield>
  </datafield>
  <datafield tag="370" ind1=" " ind2=" ">
    <subfield code="f">Guangyuan Shi (China)</subfield>
    <subfield code="2">naf</subfield>
  </datafield>
  <datafield tag="371" ind1=" " ind2=" ">
    <subfield code="m">xlwang@yic.ac.cn</subfield>
  </datafield>
  <datafield tag="372" ind1=" " ind2=" ">
    <subfield code="a">Climatic changes</subfield>
    <subfield code="a">Coastal ecology</subfield>
    <subfield code="2">lcsh</subfield>
  </datafield>
  <datafield tag="373" ind1=" " ind2=" ">
    <subfield code="a">Zhongguo ke xue yuan. Yantai hai an dai yan jiu suo</subfield>
  </datafield>
  <datafield tag="375" ind1=" " ind2=" ">
    <subfield code="a">Females</subfield>
    <subfield code="2">lcdgt</subfield>
  </datafield>
  <datafield tag="377" ind1=" " ind2=" ">
    <subfield code="a">chi</subfield>
  </datafield>
  <datafield tag="400" ind1="1" ind2=" ">
    <subfield code="a">王晓利</subfield>
    <subfield code="c">(Researcher on coastal ecology),</subfield>
    <subfield code="d">1985-</subfield>
  </datafield>
  <datafield tag="667" ind1=" " ind2=" ">
    <subfield code="a">Non-Latin script reference not evaluated.</subfield>
  </datafield>
  <datafield tag="670" ind1=" " ind2=" ">
    <subfield code="a">Zhongguo yan hai ji duan qi hou shi kong te zheng, 2019:</subfield>
    <subfield code="b">title page (王晓利 = Wang Xiaoli)</subfield>
  </datafield>
  <datafield tag="670" ind1=" " ind2=" ">
    <subfield code="a">Di li yan jiu, vol.38 no.4:</subfield>
    <subfield code="b">pages 807 (王晓利 = Wang Xiaoli; 1985-; female; native of Sichuan Guangyuan; assistant researcher, Zhongguo ke xue yuan Yantai hai an dai yan jiu suo; research on coastal zone climatic changes and ecology; email: xlwang@yic.ac.cn)</subfield>
  </datafield>
</record>