
<record>
  <leader>00995nz  a2200181n  4500</leader>
  <controlfield tag="001">11257335</controlfield>
  <controlfield tag="003">DLC</controlfield>
  <controlfield tag="005">20200103073003.0</controlfield>
  <controlfield tag="008">200102n| azannaabn          |b ana     c</controlfield>
  <datafield tag="010" ind1=" " ind2=" ">
    <subfield code="a">no2019191517</subfield>
  </datafield>
  <datafield tag="035" ind1=" " ind2=" ">
    <subfield code="a">(OCoLC)oca12664318</subfield>
  </datafield>
  <datafield tag="040" ind1=" " ind2=" ">
    <subfield code="a">NNC-EA</subfield>
    <subfield code="b">eng</subfield>
    <subfield code="e">rda</subfield>
    <subfield code="c">NNC</subfield>
  </datafield>
  <datafield tag="110" ind1="2" ind2=" ">
    <subfield code="a">Matsudo-shi Kyōiku Iinkai.</subfield>
    <subfield code="b">Bijutsukan Junbishitsu</subfield>
  </datafield>
  <datafield tag="410" ind1="2" ind2=" ">
    <subfield code="a">Matsudo-shi Kyōiku Iinkai.</subfield>
    <subfield code="b">Shakai Kyōikuka.</subfield>
    <subfield code="b">Bijutsukan Junbishitsu</subfield>
  </datafield>
  <datafield tag="410" ind1="2" ind2=" ">
    <subfield code="a">Matsudo-shi Kyōiku Iinkai.</subfield>
    <subfield code="b">美術館準備室</subfield>
  </datafield>
  <datafield tag="667" ind1=" " ind2=" ">
    <subfield code="a">Non-Latin script reference not evaluated</subfield>
  </datafield>
  <datafield tag="670" ind1=" " ind2=" ">
    <subfield code="a">Matsudo-shi Kyōiku Inkai shozō, sakuhin mokuroku, 2014:</subfield>
    <subfield code="b">colophon (松戶市教育委員会社会教育課美術館準備室 = Matsudo-shi Kyōiku Iinkai Shakai Kyōikuka Bijutsukan Junbishitsu)</subfield>
  </datafield>
  <datafield tag="670" ind1=" " ind2=" ">
    <subfield code="a">Matsudo-shi Kyōiku Iinkai WWW home page:</subfield>
    <subfield code="b">Kyōiku Iinkai soshiki/kikōzu/kikōzu (教育委員会/生涯学習部/社会教育課/美術館準備室 = Kyōiku Iinkai/Shōgai Gakushūbu/Shakai Kyōikuka/Bijutsukan Junbishitsu)</subfield>
  </datafield>
</record>