
<record>
  <leader>00797nz  a2200181n  4500</leader>
  <controlfield tag="001">11257338</controlfield>
  <controlfield tag="003">DLC</controlfield>
  <controlfield tag="005">20200103073003.0</controlfield>
  <controlfield tag="008">200102n| azannaabn          |n ana     c</controlfield>
  <datafield tag="010" ind1=" " ind2=" ">
    <subfield code="a">no2019191520</subfield>
  </datafield>
  <datafield tag="035" ind1=" " ind2=" ">
    <subfield code="a">(OCoLC)oca12664321</subfield>
  </datafield>
  <datafield tag="040" ind1=" " ind2=" ">
    <subfield code="a">Mi</subfield>
    <subfield code="b">eng</subfield>
    <subfield code="e">rda</subfield>
    <subfield code="c">Mi</subfield>
  </datafield>
  <datafield tag="151" ind1=" " ind2=" ">
    <subfield code="a">Colonial Michilimackinac (Mackinac City, Mich.)</subfield>
  </datafield>
  <datafield tag="368" ind1=" " ind2=" ">
    <subfield code="a">Historic sites--Reconstruction</subfield>
    <subfield code="2">lcsh</subfield>
  </datafield>
  <datafield tag="370" ind1=" " ind2=" ">
    <subfield code="e">Mackinaw City (Mich.)</subfield>
    <subfield code="2">naf</subfield>
  </datafield>
  <datafield tag="372" ind1=" " ind2=" ">
    <subfield code="a">Historical reenactments</subfield>
    <subfield code="2">lcsh</subfield>
  </datafield>
  <datafield tag="670" ind1=" " ind2=" ">
    <subfield code="a">Colonial Michilimackinac, 2000:</subfield>
    <subfield code="b">page 103 (&quot;Colonial Michilimackinac is a living historical park&quot;)</subfield>
  </datafield>
  <datafield tag="670" ind1=" " ind2=" ">
    <subfield code="a">Mackinac, adventure into yesterday, 1990:</subfield>
    <subfield code="b">sheet (&quot;Colonial Michilimackinac (MISHilamackinaw) in Mackinaw City is an authentic 1700s fur-trading village that has been painstakingly reconstructed on its original site&quot;)</subfield>
  </datafield>
</record>