
<record>
  <leader>00925nz  a2200229n  4500</leader>
  <controlfield tag="001">11257339</controlfield>
  <controlfield tag="003">DLC</controlfield>
  <controlfield tag="005">20200103073003.0</controlfield>
  <controlfield tag="008">200102n| azannaabn          |b aaa     c</controlfield>
  <datafield tag="010" ind1=" " ind2=" ">
    <subfield code="a">no2019191529</subfield>
  </datafield>
  <datafield tag="035" ind1=" " ind2=" ">
    <subfield code="a">(OCoLC)oca12664330</subfield>
  </datafield>
  <datafield tag="040" ind1=" " ind2=" ">
    <subfield code="a">HkCU</subfield>
    <subfield code="b">eng</subfield>
    <subfield code="e">rda</subfield>
    <subfield code="c">HkCU</subfield>
  </datafield>
  <datafield tag="046" ind1=" " ind2=" ">
    <subfield code="s">1360</subfield>
    <subfield code="2">edtf</subfield>
  </datafield>
  <datafield tag="100" ind1="1" ind2=" ">
    <subfield code="a">Cao, Zhi,</subfield>
    <subfield code="d">active 1360</subfield>
  </datafield>
  <datafield tag="370" ind1=" " ind2=" ">
    <subfield code="f">Jinhua Shi (China)</subfield>
    <subfield code="2">naf</subfield>
  </datafield>
  <datafield tag="400" ind1="1" ind2=" ">
    <subfield code="a">曹志,</subfield>
    <subfield code="d">active 1360</subfield>
  </datafield>
  <datafield tag="400" ind1="1" ind2=" ">
    <subfield code="a">拱和居士,</subfield>
    <subfield code="d">active 1360</subfield>
  </datafield>
  <datafield tag="400" ind1="1" ind2=" ">
    <subfield code="a">Gonghejushi,</subfield>
    <subfield code="d">active 1360</subfield>
  </datafield>
  <datafield tag="400" ind1="1" ind2=" ">
    <subfield code="a">曹伯康,</subfield>
    <subfield code="d">active 1360</subfield>
  </datafield>
  <datafield tag="400" ind1="1" ind2=" ">
    <subfield code="a">Cao, Bokang,</subfield>
    <subfield code="d">active 1360</subfield>
  </datafield>
  <datafield tag="670" ind1=" " ind2=" ">
    <subfield code="a">Gonghe shi ji, 1997:</subfield>
    <subfield code="b">t.p. (曹志 = Cao Zhi) p. 4 (zi [courtesy name]: 伯康 = Bokang; hao [alias]: 拱和居士 = Gonghejushi)</subfield>
  </datafield>
  <datafield tag="670" ind1=" " ind2=" ">
    <subfield code="a">Baidu website, viewed on January 2, 2020 :</subfield>
    <subfield code="b">(曹志 = Cao Zhi; of Yuan dynasty, active 1360; native of Jinhua (Zhejiang); author of Gonghe shi ji) $$u https://baike.baidu.com/item/%E6%9B%B9%E5%BF%97/6857701</subfield>
  </datafield>
</record>