
<record>
  <leader>00810nz  a2200169n  4500</leader>
  <controlfield tag="001">11257343</controlfield>
  <controlfield tag="003">DLC</controlfield>
  <controlfield tag="005">20200103073003.0</controlfield>
  <controlfield tag="008">200102n| azannaabn          |a ana     c</controlfield>
  <datafield tag="010" ind1=" " ind2=" ">
    <subfield code="a">no2019191539</subfield>
  </datafield>
  <datafield tag="035" ind1=" " ind2=" ">
    <subfield code="a">(OCoLC)oca12664340</subfield>
  </datafield>
  <datafield tag="040" ind1=" " ind2=" ">
    <subfield code="a">ViBlbV</subfield>
    <subfield code="b">eng</subfield>
    <subfield code="e">rda</subfield>
    <subfield code="c">ViBlbV</subfield>
  </datafield>
  <datafield tag="110" ind1="2" ind2=" ">
    <subfield code="a">Virginia Polytechnic Institute and State University.</subfield>
    <subfield code="b">School of Neuroscience</subfield>
  </datafield>
  <datafield tag="410" ind1="2" ind2=" ">
    <subfield code="a">Virginia Polytechnic Institute and State University.</subfield>
    <subfield code="b">College of Science.</subfield>
    <subfield code="b">School of Neuroscience</subfield>
  </datafield>
  <datafield tag="510" ind1="2" ind2=" ">
    <subfield code="w">r</subfield>
    <subfield code="i">Hierarchical superior:</subfield>
    <subfield code="a">Virginia Polytechnic Institute and State University.</subfield>
    <subfield code="b">College of Science.</subfield>
  </datafield>
  <datafield tag="670" ind1=" " ind2=" ">
    <subfield code="a">EngelNovitt Summer Research Program, 2017:</subfield>
    <subfield code="b">cover (Virginia Tech, School of Neuroscience)</subfield>
  </datafield>
  <datafield tag="670" ind1=" " ind2=" ">
    <subfield code="a">School of Neuroscience WWW page, Dec. 20, 2019</subfield>
    <subfield code="b">(School of Neuroscience at the College of Science, Virginia Tech)</subfield>
  </datafield>
</record>