
<record>
  <leader>00672nz  a2200169n  4500</leader>
  <controlfield tag="001">11257344</controlfield>
  <controlfield tag="003">DLC</controlfield>
  <controlfield tag="005">20200103073003.0</controlfield>
  <controlfield tag="008">200102n| azannaabn          |n aaa     c</controlfield>
  <datafield tag="010" ind1=" " ind2=" ">
    <subfield code="a">no2019191540</subfield>
  </datafield>
  <datafield tag="035" ind1=" " ind2=" ">
    <subfield code="a">(OCoLC)oca12664341</subfield>
  </datafield>
  <datafield tag="040" ind1=" " ind2=" ">
    <subfield code="a">NjEiC</subfield>
    <subfield code="b">eng</subfield>
    <subfield code="e">rda</subfield>
    <subfield code="c">NjEiC</subfield>
  </datafield>
  <datafield tag="100" ind1="1" ind2=" ">
    <subfield code="a">Wang, Becky</subfield>
  </datafield>
  <datafield tag="372" ind1=" " ind2=" ">
    <subfield code="a">Marketing</subfield>
    <subfield code="2">lcsh</subfield>
  </datafield>
  <datafield tag="374" ind1=" " ind2=" ">
    <subfield code="a">Marketing executives</subfield>
    <subfield code="2">lcsh</subfield>
  </datafield>
  <datafield tag="377" ind1=" " ind2=" ">
    <subfield code="a">eng</subfield>
  </datafield>
  <datafield tag="670" ind1=" " ind2=" ">
    <subfield code="a">Creativity and data marketing, 2017:</subfield>
    <subfield code="b">title page (Becky Wang) page xiii (CEO and a co-founder of Crossbeat, a marketing agency and creative studio that operates at the intersection of creativity, data, and technology; received a BA in English Literature with a minor in Biostatistics)</subfield>
  </datafield>
</record>