
<record>
  <leader>01119nz  a2200241n  4500</leader>
  <controlfield tag="001">11257345</controlfield>
  <controlfield tag="003">DLC</controlfield>
  <controlfield tag="005">20200103073004.0</controlfield>
  <controlfield tag="008">200101nc azannaabn          |b aaa     c</controlfield>
  <datafield tag="010" ind1=" " ind2=" ">
    <subfield code="a">no2019191544</subfield>
  </datafield>
  <datafield tag="035" ind1=" " ind2=" ">
    <subfield code="a">(OCoLC)oca12665625</subfield>
  </datafield>
  <datafield tag="040" ind1=" " ind2=" ">
    <subfield code="a">HkU</subfield>
    <subfield code="b">eng</subfield>
    <subfield code="e">rda</subfield>
    <subfield code="c">HkU</subfield>
  </datafield>
  <datafield tag="046" ind1=" " ind2=" ">
    <subfield code="f">1984</subfield>
    <subfield code="2">edtf</subfield>
  </datafield>
  <datafield tag="100" ind1="1" ind2=" ">
    <subfield code="a">Zhou, Hongcheng,</subfield>
    <subfield code="d">1984-</subfield>
  </datafield>
  <datafield tag="372" ind1=" " ind2=" ">
    <subfield code="a">Food habits</subfield>
    <subfield code="a">Drinking customs</subfield>
    <subfield code="2">lcsh</subfield>
  </datafield>
  <datafield tag="373" ind1=" " ind2=" ">
    <subfield code="a">Zhejiang gong shang da xue. Li shi xi</subfield>
  </datafield>
  <datafield tag="374" ind1=" " ind2=" ">
    <subfield code="a">University and college faculty members</subfield>
    <subfield code="2">lcdgt</subfield>
  </datafield>
  <datafield tag="375" ind1=" " ind2=" ">
    <subfield code="a">Males</subfield>
    <subfield code="2">lcdgt</subfield>
  </datafield>
  <datafield tag="377" ind1=" " ind2=" ">
    <subfield code="a">chi</subfield>
  </datafield>
  <datafield tag="400" ind1="1" ind2=" ">
    <subfield code="a">周鸿承,</subfield>
    <subfield code="d">1984-</subfield>
  </datafield>
  <datafield tag="667" ind1=" " ind2=" ">
    <subfield code="a">Non-Latin script reference not evaluated.</subfield>
  </datafield>
  <datafield tag="670" ind1=" " ind2=" ">
    <subfield code="a">Chao ting zhi chu : Hangzhou yun he wen hua yu cao yun shi yan jiu, 2018:</subfield>
    <subfield code="b">title page (周鸿承 = Zhou Hongcheng) front back flap (Ph.D.; lecturer, Zhejiang gong shang da xue ren wen yu chuan bo xue yuan li shi xi)</subfield>
  </datafield>
  <datafield tag="670" ind1=" " ind2=" ">
    <subfield code="a">Zhongguo yin shi wen hua yan jiu suo WWW site, viewed December 12, 2019</subfield>
    <subfield code="b">(周鸿承 = Zhou Hongcheng; male; born 1984; Ph.D. in history, Zhejiang da xue; research areas: food habits, drinking customs)</subfield>
    <subfield code="u">http://www.foodology.cn/researcher/show-122.html</subfield>
  </datafield>
</record>