
<record>
  <leader>00946nz  a2200169n  4500</leader>
  <controlfield tag="001">11257350</controlfield>
  <controlfield tag="003">DLC</controlfield>
  <controlfield tag="005">20200103073004.0</controlfield>
  <controlfield tag="008">200102n| azannaabn          |a ana     c</controlfield>
  <datafield tag="010" ind1=" " ind2=" ">
    <subfield code="a">no2019191549</subfield>
  </datafield>
  <datafield tag="035" ind1=" " ind2=" ">
    <subfield code="a">(OCoLC)oca12665630</subfield>
  </datafield>
  <datafield tag="040" ind1=" " ind2=" ">
    <subfield code="a">ViBlbV</subfield>
    <subfield code="b">eng</subfield>
    <subfield code="e">rda</subfield>
    <subfield code="c">ViBlbV</subfield>
  </datafield>
  <datafield tag="110" ind1="2" ind2=" ">
    <subfield code="a">Lifelong Learning Institute at Virginia Tech</subfield>
  </datafield>
  <datafield tag="410" ind1="2" ind2=" ">
    <subfield code="a">Virginia Polytechnic Institute and State University.</subfield>
    <subfield code="b">Lifelong Learning Institute</subfield>
  </datafield>
  <datafield tag="510" ind1="2" ind2=" ">
    <subfield code="w">r</subfield>
    <subfield code="i">Hierarchical superior:</subfield>
    <subfield code="a">Virginia Polytechnic Institute and State University</subfield>
  </datafield>
  <datafield tag="670" ind1=" " ind2=" ">
    <subfield code="a">Course catalog, Fall term 2016:</subfield>
    <subfield code="b">cover (Lifelong Learning Institute at Virginia Tech)</subfield>
  </datafield>
  <datafield tag="670" ind1=" " ind2=" ">
    <subfield code="a">Lifelong Learning Institute at Virginia Tech WWW page</subfield>
    <subfield code="b">(The Lifelong Learning Institute at Virginia Tech is a member-driven, volunteer organization that draws on the wealth of academic and community resources in the New River Valley to provide intellectual, cultural, and social experiences for curious adults 50 and older)</subfield>
  </datafield>
</record>