
<record>
  <leader>00461nz  a2200169n  4500</leader>
  <controlfield tag="001">11257351</controlfield>
  <controlfield tag="003">DLC</controlfield>
  <controlfield tag="005">20200103073004.0</controlfield>
  <controlfield tag="008">200102n| azannaabn          |n aaa     c</controlfield>
  <datafield tag="010" ind1=" " ind2=" ">
    <subfield code="a">no2019191550</subfield>
  </datafield>
  <datafield tag="035" ind1=" " ind2=" ">
    <subfield code="a">(OCoLC)oca12665631</subfield>
  </datafield>
  <datafield tag="040" ind1=" " ind2=" ">
    <subfield code="a">MnU</subfield>
    <subfield code="b">eng</subfield>
    <subfield code="e">rda</subfield>
    <subfield code="c">MnU</subfield>
  </datafield>
  <datafield tag="100" ind1="1" ind2=" ">
    <subfield code="a">Origlia, Lydia</subfield>
  </datafield>
  <datafield tag="372" ind1=" " ind2=" ">
    <subfield code="a">Translating and interpreting</subfield>
    <subfield code="2">lcsh</subfield>
  </datafield>
  <datafield tag="374" ind1=" " ind2=" ">
    <subfield code="a">Translators</subfield>
    <subfield code="2">lcsh</subfield>
  </datafield>
  <datafield tag="377" ind1=" " ind2=" ">
    <subfield code="a">ita</subfield>
  </datafield>
  <datafield tag="670" ind1=" " ind2=" ">
    <subfield code="a">Colori proibiti, 1989:</subfield>
    <subfield code="b">title page (traduzione di Lydia Origlia)</subfield>
  </datafield>
</record>