
<record>
  <leader>00840nz  a2200157n  4500</leader>
  <controlfield tag="001">11257354</controlfield>
  <controlfield tag="003">DLC</controlfield>
  <controlfield tag="005">20200103073004.0</controlfield>
  <controlfield tag="008">200102n| azannaabn          |n aaa     c</controlfield>
  <datafield tag="010" ind1=" " ind2=" ">
    <subfield code="a">no2019191558</subfield>
  </datafield>
  <datafield tag="035" ind1=" " ind2=" ">
    <subfield code="a">(OCoLC)oca12665969</subfield>
  </datafield>
  <datafield tag="040" ind1=" " ind2=" ">
    <subfield code="a">IJol</subfield>
    <subfield code="b">eng</subfield>
    <subfield code="e">rda</subfield>
    <subfield code="c">IJol</subfield>
  </datafield>
  <datafield tag="100" ind1="1" ind2=" ">
    <subfield code="a">Gentry Goodwin, Bobi</subfield>
  </datafield>
  <datafield tag="370" ind1=" " ind2=" ">
    <subfield code="e">California</subfield>
    <subfield code="2">naf</subfield>
  </datafield>
  <datafield tag="374" ind1=" " ind2=" ">
    <subfield code="a">Authors</subfield>
    <subfield code="2">lcsh</subfield>
  </datafield>
  <datafield tag="670" ind1=" " ind2=" ">
    <subfield code="a">Revelation, 2019 :</subfield>
    <subfield code="b">title page (Bobi Gentry Goodwin) about the author page at end (Bobi Gentry Goodwin is a native San Franciscan. The Bay Area was where she first discovered her love for people and their stories. She has held a passion for writing since early childhood, and as a clinical social worker her mission field has been working with women and children. She is a wife and mother of two, and an avid member of her local church. Goodwin currently resides in California.)</subfield>
  </datafield>
</record>