
<record>
  <leader>01258nz  a2200205n  4500</leader>
  <controlfield tag="001">11257355</controlfield>
  <controlfield tag="003">DLC</controlfield>
  <controlfield tag="005">20200103073004.0</controlfield>
  <controlfield tag="008">200102n| azannaabn          |a aaa     c</controlfield>
  <datafield tag="010" ind1=" " ind2=" ">
    <subfield code="a">no2019191559</subfield>
  </datafield>
  <datafield tag="035" ind1=" " ind2=" ">
    <subfield code="a">(OCoLC)oca12665970</subfield>
  </datafield>
  <datafield tag="040" ind1=" " ind2=" ">
    <subfield code="a">NcU</subfield>
    <subfield code="b">eng</subfield>
    <subfield code="e">rda</subfield>
    <subfield code="c">NcU</subfield>
  </datafield>
  <datafield tag="046" ind1=" " ind2=" ">
    <subfield code="f">1753-04-11</subfield>
    <subfield code="g">1817?</subfield>
    <subfield code="2">edtf</subfield>
  </datafield>
  <datafield tag="100" ind1="1" ind2=" ">
    <subfield code="a">Bruyard, Charles Jean-Baptiste,</subfield>
    <subfield code="d">1753-1817?</subfield>
  </datafield>
  <datafield tag="370" ind1=" " ind2=" ">
    <subfield code="a">Paris (France)</subfield>
    <subfield code="2">naf</subfield>
  </datafield>
  <datafield tag="374" ind1=" " ind2=" ">
    <subfield code="a">France--Officials and employees</subfield>
    <subfield code="2">lcsh</subfield>
  </datafield>
  <datafield tag="377" ind1=" " ind2=" ">
    <subfield code="a">fre</subfield>
  </datafield>
  <datafield tag="400" ind1="0" ind2=" ">
    <subfield code="a">Bruyard,</subfield>
    <subfield code="c">fils,</subfield>
    <subfield code="d">1753-1817?</subfield>
  </datafield>
  <datafield tag="670" ind1=" " ind2=" ">
    <subfield code="a">Lettres sur l&apos;Italie, la Sicile et Malte, écrites en 1776 et 1777 et publieés en 178, [not before 1785]</subfield>
    <subfield code="b">title page (C.J.B. B** Insp. amb. des m------ du Royaume de France) colophon (M. Bruyard fils; appointed inspector in Paris on 4 May 1785)</subfield>
  </datafield>
  <datafield tag="670" ind1=" " ind2=" ">
    <subfield code="a">Inventaire de la collection Bruyard concernant le Bureau (de la Balance) du commerce et l&apos;Inspection des manufactures sous l&apos;Ancien Régime (1571-1831), 1996:</subfield>
    <subfield code="b">page viii, etc. (Charles Jean-Baptiste Bruyard; Bruyard fils; born 11 April 1753 in Paris, died 1817 or later; entered the Bureau du Commerce in 1769; traveled to Italy and Sicily in 1776-1777; was made inspecteur des manufactures in Aumale in 1778; appointed inspecteur ambulant des manufactures in Paris in May 1784)</subfield>
  </datafield>
</record>