
<record>
  <leader>01106nz  a2200217n  4500</leader>
  <controlfield tag="001">11257358</controlfield>
  <controlfield tag="003">DLC</controlfield>
  <controlfield tag="005">20200103073004.0</controlfield>
  <controlfield tag="008">200101nc azannaabn          |b aaa     c</controlfield>
  <datafield tag="010" ind1=" " ind2=" ">
    <subfield code="a">no2019191580</subfield>
  </datafield>
  <datafield tag="035" ind1=" " ind2=" ">
    <subfield code="a">(OCoLC)oca12665991</subfield>
  </datafield>
  <datafield tag="040" ind1=" " ind2=" ">
    <subfield code="a">HkU</subfield>
    <subfield code="b">eng</subfield>
    <subfield code="e">rda</subfield>
    <subfield code="c">HkU</subfield>
  </datafield>
  <datafield tag="100" ind1="1" ind2=" ">
    <subfield code="a">Wang, Xiang</subfield>
    <subfield code="c">(Researcher on Chinese literature)</subfield>
  </datafield>
  <datafield tag="372" ind1=" " ind2=" ">
    <subfield code="a">Chinese literature</subfield>
    <subfield code="a">Literature and the Internet</subfield>
    <subfield code="2">lcsh</subfield>
  </datafield>
  <datafield tag="373" ind1=" " ind2=" ">
    <subfield code="a">Lu Xun wen xue yuan</subfield>
    <subfield code="a">Nanjing da xue. Zhong wen xi</subfield>
    <subfield code="2">naf</subfield>
  </datafield>
  <datafield tag="374" ind1=" " ind2=" ">
    <subfield code="a">University and college faculty members</subfield>
    <subfield code="2">lcdgt</subfield>
  </datafield>
  <datafield tag="375" ind1=" " ind2=" ">
    <subfield code="a">Males</subfield>
    <subfield code="2">lcdgt</subfield>
  </datafield>
  <datafield tag="377" ind1=" " ind2=" ">
    <subfield code="a">chi</subfield>
  </datafield>
  <datafield tag="400" ind1="1" ind2=" ">
    <subfield code="a">王祥</subfield>
    <subfield code="c">(Researcher on Chinese literature)</subfield>
  </datafield>
  <datafield tag="667" ind1=" " ind2=" ">
    <subfield code="a">Non-Latin script reference not evaluated.</subfield>
  </datafield>
  <datafield tag="670" ind1=" " ind2=" ">
    <subfield code="a">Hai shang mu chang, 2019:</subfield>
    <subfield code="b">title page (王祥 = Wang Xiang) vita (Wang Xiang; pen name: 康桥 = Kang Qiao; researcher, teacher, Lu Xun wen xue yuan; committee, Zhongguo zuo xie wang luo wen xue wei yuan hui; member, Zhongguo zuo jia xie hui; graduated from Nanjing da xue Zhong wen xi, 1983; engaged in research on literary creation theory and network literature; authored &quot;Wang luo wen xue chuang zuo yuan li&quot;)</subfield>
  </datafield>
</record>