
<record>
  <leader>01496nz  a2200241n  4500</leader>
  <controlfield tag="001">11257359</controlfield>
  <controlfield tag="003">DLC</controlfield>
  <controlfield tag="005">20200103073004.0</controlfield>
  <controlfield tag="008">200101n| azannaabn          |a aaa     c</controlfield>
  <datafield tag="010" ind1=" " ind2=" ">
    <subfield code="a">no2019191585</subfield>
  </datafield>
  <datafield tag="035" ind1=" " ind2=" ">
    <subfield code="a">(OCoLC)oca12665996</subfield>
  </datafield>
  <datafield tag="040" ind1=" " ind2=" ">
    <subfield code="a">MnSST</subfield>
    <subfield code="b">eng</subfield>
    <subfield code="e">rda</subfield>
    <subfield code="c">MnSST</subfield>
  </datafield>
  <datafield tag="100" ind1="1" ind2=" ">
    <subfield code="a">Van&apos;t Hul, Deena</subfield>
  </datafield>
  <datafield tag="370" ind1=" " ind2=" ">
    <subfield code="e">China</subfield>
    <subfield code="f">Dayton (Ohio)</subfield>
    <subfield code="2">naf</subfield>
  </datafield>
  <datafield tag="372" ind1=" " ind2=" ">
    <subfield code="a">Children--Institutional care--China</subfield>
    <subfield code="a">Widows--Nursing home care--China</subfield>
    <subfield code="2">lcsh</subfield>
  </datafield>
  <datafield tag="373" ind1=" " ind2=" ">
    <subfield code="a">United Theological Seminary (Dayton, Ohio)</subfield>
    <subfield code="2">naf</subfield>
  </datafield>
  <datafield tag="377" ind1=" " ind2=" ">
    <subfield code="a">eng</subfield>
  </datafield>
  <datafield tag="378" ind1=" " ind2=" ">
    <subfield code="q">Deena M.</subfield>
  </datafield>
  <datafield tag="400" ind1="1" ind2=" ">
    <subfield code="a">Hul, Deena Van&apos;t</subfield>
  </datafield>
  <datafield tag="400" ind1="1" ind2=" ">
    <subfield code="a">Van&apos;t Hul, Deena M.</subfield>
  </datafield>
  <datafield tag="670" ind1=" " ind2=" ">
    <subfield code="a">Hope has a name, 2019:</subfield>
    <subfield code="b">title frames (Deena Van&apos;t Hul) on-screen caption (Dr. Deena Van&apos;t Hul; co-founder, Loaves and Fishes Int&apos;l, Hidden Treasures Home)</subfield>
  </datafield>
  <datafield tag="670" ind1=" " ind2=" ">
    <subfield code="a">Loaves &amp; Fishes International (online), viewed on January 1, 2020:</subfield>
    <subfield code="b">home page (Hidden Treasures China founded in 2005 by Mike and Deena Van&apos;t Hul; located in small village in rural China; home for orphaned children with special needs and single mothers with children, nursing home for elderly widows, school for children) about (Van&apos;t Huls still live in China)</subfield>
    <subfield code="u">https://loavesandfishesintl.com/</subfield>
  </datafield>
  <datafield tag="670" ind1=" " ind2=" ">
    <subfield code="a">OCLC database, viewed on January 1, 2020</subfield>
    <subfield code="b">(access point: Van&apos;t Hul, Deena M.; usage: Deena M. Van&apos;t Hul; wrote English-language thesis titled &quot;The effect of instruction, spiritual perception, and hands-on experience upon attitudes toward the care of orphans&quot; (D. Min.--United Theological Seminary, 2015))</subfield>
  </datafield>
</record>