
<record>
  <leader>01238nz  a2200253n  4500</leader>
  <controlfield tag="001">11257360</controlfield>
  <controlfield tag="003">DLC</controlfield>
  <controlfield tag="005">20200103073004.0</controlfield>
  <controlfield tag="008">200101nc azannaabn          |b aaa     c</controlfield>
  <datafield tag="010" ind1=" " ind2=" ">
    <subfield code="a">no2019191586</subfield>
  </datafield>
  <datafield tag="035" ind1=" " ind2=" ">
    <subfield code="a">(OCoLC)oca12665997</subfield>
  </datafield>
  <datafield tag="040" ind1=" " ind2=" ">
    <subfield code="a">HkU</subfield>
    <subfield code="b">eng</subfield>
    <subfield code="e">rda</subfield>
    <subfield code="c">HkU</subfield>
  </datafield>
  <datafield tag="046" ind1=" " ind2=" ">
    <subfield code="f">1960</subfield>
    <subfield code="2">edtf</subfield>
  </datafield>
  <datafield tag="100" ind1="1" ind2=" ">
    <subfield code="a">Zhang, Xiping,</subfield>
    <subfield code="d">1960-</subfield>
  </datafield>
  <datafield tag="370" ind1=" " ind2=" ">
    <subfield code="a">Hua Xian (Shaanxi Sheng, China)</subfield>
    <subfield code="2">naf</subfield>
  </datafield>
  <datafield tag="373" ind1=" " ind2=" ">
    <subfield code="a">Xi xin chan si (Changsha Shi, China)</subfield>
  </datafield>
  <datafield tag="374" ind1=" " ind2=" ">
    <subfield code="a">Zen Buddhists</subfield>
    <subfield code="2">lcdgt</subfield>
  </datafield>
  <datafield tag="377" ind1=" " ind2=" ">
    <subfield code="a">chi</subfield>
  </datafield>
  <datafield tag="400" ind1="1" ind2=" ">
    <subfield code="a">张西平,</subfield>
    <subfield code="d">1960-</subfield>
  </datafield>
  <datafield tag="400" ind1="1" ind2=" ">
    <subfield code="a">Zhang, Xiaoxi,</subfield>
    <subfield code="d">1960-</subfield>
  </datafield>
  <datafield tag="400" ind1="1" ind2=" ">
    <subfield code="a">张小溪,</subfield>
    <subfield code="d">1960-</subfield>
  </datafield>
  <datafield tag="500" ind1="0" ind2=" ">
    <subfield code="w">r</subfield>
    <subfield code="i">Alternate identity:</subfield>
    <subfield code="a">Miaohua,</subfield>
    <subfield code="d">1960-</subfield>
  </datafield>
  <datafield tag="667" ind1=" " ind2=" ">
    <subfield code="a">Non-Latin script references not evaluated.</subfield>
  </datafield>
  <datafield tag="670" ind1=" " ind2=" ">
    <subfield code="a">Liang zai tian bian de yun duo, 2018:</subfield>
    <subfield code="b">title page (张西平 = Zhang Xiping) front cover flap (Buddhist name: 妙华 = Miaohua; pen name: 张小溪 = Zhang Xiaoxi; born in 1960, Shanxi Hua Xian; graduated from Shandong Zibo jiao yu xue yuan, 1986; researcher, Beijing jiao tong da xue Zhongguo qi ye jing zheng li yan jiu zhong xin, 2010; professor, Yunnan da xue ren wen xue yuan, Zhong nan da xue, 2013; Buddhist first seat, Hunan Sheng Changsha Shi Wangcheng Xi xin chan si ... etc.; authored &quot;Ren sheng de jie tuo&quot; ... etc.)</subfield>
  </datafield>
</record>