
<record>
  <leader>00874nz  a2200217n  4500</leader>
  <controlfield tag="001">11257361</controlfield>
  <controlfield tag="003">DLC</controlfield>
  <controlfield tag="005">20200103073004.0</controlfield>
  <controlfield tag="008">200102nc azannaabn          |b aaa     c</controlfield>
  <datafield tag="010" ind1=" " ind2=" ">
    <subfield code="a">no2019191587</subfield>
  </datafield>
  <datafield tag="035" ind1=" " ind2=" ">
    <subfield code="a">(OCoLC)oca12665998</subfield>
  </datafield>
  <datafield tag="040" ind1=" " ind2=" ">
    <subfield code="a">HkU</subfield>
    <subfield code="b">eng</subfield>
    <subfield code="e">rda</subfield>
    <subfield code="c">HkU</subfield>
  </datafield>
  <datafield tag="100" ind1="1" ind2=" ">
    <subfield code="a">Huang, Liping</subfield>
    <subfield code="c">(Art teacher)</subfield>
  </datafield>
  <datafield tag="371" ind1=" " ind2=" ">
    <subfield code="m">wonglp@plhks.edu.hk</subfield>
  </datafield>
  <datafield tag="373" ind1=" " ind2=" ">
    <subfield code="a">Pentecostal Lam Hon Kwong School</subfield>
  </datafield>
  <datafield tag="374" ind1=" " ind2=" ">
    <subfield code="a">Art teachers</subfield>
    <subfield code="2">lcsh</subfield>
  </datafield>
  <datafield tag="400" ind1="1" ind2=" ">
    <subfield code="a">黃麗萍</subfield>
    <subfield code="c">(Art teacher)</subfield>
  </datafield>
  <datafield tag="400" ind1="1" ind2=" ">
    <subfield code="a">Wong, Lai Ping</subfield>
  </datafield>
  <datafield tag="667" ind1=" " ind2=" ">
    <subfield code="a">Non-Latin script reference not evaluated.</subfield>
  </datafield>
  <datafield tag="670" ind1=" " ind2=" ">
    <subfield code="a">Wei da ke xue jia, 2019:</subfield>
    <subfield code="b">colophon (黃麗萍 = Huang Liping)</subfield>
  </datafield>
  <datafield tag="670" ind1=" " ind2=" ">
    <subfield code="a">Pentecostal Lam Hon Kwong School WWW site, viewed December 12, 2019</subfield>
    <subfield code="b">(黃麗萍 = Huang Liping; Wong Lai Ping [in rom.]; head of art education; head of performing arts; email: wonglp@plhks.edu.hk)</subfield>
    <subfield code="u">https://www.plhks.edu.hk/tc/school_members</subfield>
  </datafield>
</record>