
<record>
  <leader>00509nz  a2200169n  4500</leader>
  <controlfield tag="001">11257364</controlfield>
  <controlfield tag="003">DLC</controlfield>
  <controlfield tag="005">20200103073004.0</controlfield>
  <controlfield tag="008">200102n| azannaabn          |a aaa     c</controlfield>
  <datafield tag="010" ind1=" " ind2=" ">
    <subfield code="a">no2019191590</subfield>
  </datafield>
  <datafield tag="035" ind1=" " ind2=" ">
    <subfield code="a">(OCoLC)oca12666001</subfield>
  </datafield>
  <datafield tag="040" ind1=" " ind2=" ">
    <subfield code="a">NcU</subfield>
    <subfield code="b">eng</subfield>
    <subfield code="e">rda</subfield>
    <subfield code="c">NcU</subfield>
  </datafield>
  <datafield tag="100" ind1="1" ind2=" ">
    <subfield code="a">Sánchez Puntigliano, Juan Manuel</subfield>
  </datafield>
  <datafield tag="370" ind1=" " ind2=" ">
    <subfield code="c">Uruguay</subfield>
    <subfield code="2">naf</subfield>
  </datafield>
  <datafield tag="377" ind1=" " ind2=" ">
    <subfield code="a">spa</subfield>
  </datafield>
  <datafield tag="400" ind1="1" ind2=" ">
    <subfield code="a">Puntigliano, Juan Manuel Sánchez</subfield>
  </datafield>
  <datafield tag="670" ind1=" " ind2=" ">
    <subfield code="a">Figari, Pedro. El chillido y otros relatos, 2019:</subfield>
    <subfield code="b">title page (Juan Manuel Sánchez Puntigliano)</subfield>
  </datafield>
</record>