
<record>
  <leader>01285nz  a2200253n  4500</leader>
  <controlfield tag="001">11257365</controlfield>
  <controlfield tag="003">DLC</controlfield>
  <controlfield tag="005">20200103073004.0</controlfield>
  <controlfield tag="008">200101nc azannaabn          |b aaa     c</controlfield>
  <datafield tag="010" ind1=" " ind2=" ">
    <subfield code="a">no2019191595</subfield>
  </datafield>
  <datafield tag="035" ind1=" " ind2=" ">
    <subfield code="a">(OCoLC)oca12666006</subfield>
  </datafield>
  <datafield tag="040" ind1=" " ind2=" ">
    <subfield code="a">HkU</subfield>
    <subfield code="b">eng</subfield>
    <subfield code="e">rda</subfield>
    <subfield code="c">HkU</subfield>
  </datafield>
  <datafield tag="046" ind1=" " ind2=" ">
    <subfield code="f">1976-12</subfield>
    <subfield code="2">edtf</subfield>
  </datafield>
  <datafield tag="100" ind1="1" ind2=" ">
    <subfield code="a">Chen, Peng,</subfield>
    <subfield code="d">1976-</subfield>
  </datafield>
  <datafield tag="370" ind1=" " ind2=" ">
    <subfield code="f">Xinyang Shi (China)</subfield>
    <subfield code="2">naf</subfield>
  </datafield>
  <datafield tag="372" ind1=" " ind2=" ">
    <subfield code="a">China--Economic conditions</subfield>
    <subfield code="a">Socialism</subfield>
    <subfield code="2">lcsh</subfield>
  </datafield>
  <datafield tag="373" ind1=" " ind2=" ">
    <subfield code="a">Yangzhou gong ye zhi ye ji shu xue yuan. Zhongguo te se she hui zhu yi yan jiu zhong xin</subfield>
  </datafield>
  <datafield tag="374" ind1=" " ind2=" ">
    <subfield code="a">University and college faculty members</subfield>
    <subfield code="2">lcdgt</subfield>
  </datafield>
  <datafield tag="375" ind1=" " ind2=" ">
    <subfield code="a">Males</subfield>
    <subfield code="2">lcdgt</subfield>
  </datafield>
  <datafield tag="377" ind1=" " ind2=" ">
    <subfield code="a">chi</subfield>
  </datafield>
  <datafield tag="400" ind1="1" ind2=" ">
    <subfield code="a">陈鹏,</subfield>
    <subfield code="d">1976-</subfield>
  </datafield>
  <datafield tag="667" ind1=" " ind2=" ">
    <subfield code="a">Non-Latin script reference not evaluated.</subfield>
  </datafield>
  <datafield tag="670" ind1=" " ind2=" ">
    <subfield code="a">Zhongguo zhong yang yu di fang jing ji guan xi yan jiu (1949-1978), 2018:</subfield>
    <subfield code="b">title page (陈鹏 = Chen Peng) front cover flap (Ph.D. in history, Zhongguo she hui ke xue yuan; director, assistant professor, Yangzhou gong ye zhi ye ji shu xue yuan Zhongguo te se she hui zhu yi yan jiu zhong xin)</subfield>
  </datafield>
  <datafield tag="670" ind1=" " ind2=" ">
    <subfield code="a">Nanjing cai jing da xue Makesi zhu yi xue yuan WWW site, viewed December 16, 2019</subfield>
    <subfield code="b">(陈鹏 = Chen Peng; male; born in December 1976; native of Henan Xinyang; research areas: Chinese economy, socialism)</subfield>
    <subfield code="u">http://mks.nufe.edu.cn/info/1009/2181.htm</subfield>
  </datafield>
</record>