
<record>
  <leader>01248nz  a2200253n  4500</leader>
  <controlfield tag="001">11257366</controlfield>
  <controlfield tag="003">DLC</controlfield>
  <controlfield tag="005">20200103073004.0</controlfield>
  <controlfield tag="008">200102nc azannaabn          |b aaa     c</controlfield>
  <datafield tag="010" ind1=" " ind2=" ">
    <subfield code="a">no2019191596</subfield>
  </datafield>
  <datafield tag="035" ind1=" " ind2=" ">
    <subfield code="a">(OCoLC)oca12666007</subfield>
  </datafield>
  <datafield tag="040" ind1=" " ind2=" ">
    <subfield code="a">HkU</subfield>
    <subfield code="b">eng</subfield>
    <subfield code="e">rda</subfield>
    <subfield code="c">HkU</subfield>
  </datafield>
  <datafield tag="046" ind1=" " ind2=" ">
    <subfield code="f">1986</subfield>
    <subfield code="2">edtf</subfield>
  </datafield>
  <datafield tag="100" ind1="1" ind2=" ">
    <subfield code="a">Yuan, Ke,</subfield>
    <subfield code="d">1986-</subfield>
  </datafield>
  <datafield tag="370" ind1=" " ind2=" ">
    <subfield code="f">Hejin Xian (China)</subfield>
    <subfield code="2">naf</subfield>
  </datafield>
  <datafield tag="372" ind1=" " ind2=" ">
    <subfield code="a">Local government</subfield>
    <subfield code="a">Education--Economic aspects</subfield>
    <subfield code="2">lcsh</subfield>
  </datafield>
  <datafield tag="373" ind1=" " ind2=" ">
    <subfield code="a">Dui wai jing ji mao yi da xue (China). Jiao yu yu kai fang jing ji yan jiu zhong xin</subfield>
  </datafield>
  <datafield tag="374" ind1=" " ind2=" ">
    <subfield code="a">University and college faculty members</subfield>
    <subfield code="2">lcdgt</subfield>
  </datafield>
  <datafield tag="375" ind1=" " ind2=" ">
    <subfield code="a">Males</subfield>
    <subfield code="2">lcdgt</subfield>
  </datafield>
  <datafield tag="377" ind1=" " ind2=" ">
    <subfield code="a">chi</subfield>
  </datafield>
  <datafield tag="400" ind1="1" ind2=" ">
    <subfield code="a">原珂,</subfield>
    <subfield code="d">1986-</subfield>
  </datafield>
  <datafield tag="667" ind1=" " ind2=" ">
    <subfield code="a">Non-Latin script reference not evaluated.</subfield>
  </datafield>
  <datafield tag="670" ind1=" " ind2=" ">
    <subfield code="a">Zhongguo te da cheng shi she qu zhi li, 2019:</subfield>
    <subfield code="b">title page (原珂 = Yuan Ke) front cover flap (lecturer; Ph.D. in public administration, Nan kai da xue; working at Dui wai jing ji mao yi da xue jiao yu yu kai fang jing ji yan jiu zhong xin; research on urban community governance, education economics)</subfield>
  </datafield>
  <datafield tag="670" ind1=" " ind2=" ">
    <subfield code="a">She hui zhu yi yan jiu, no.6 (2017):</subfield>
    <subfield code="b">page 88 (原珂 = Yuan Ke; 1986-; male; native of Shanxi Hejin; assistant researcher, Dui wai jing ji mao yi da xue jiao yu yu kai fang jing ji yan jiu zhong xin)</subfield>
  </datafield>
</record>