
<record>
  <leader>00666nz  a2200169n  4500</leader>
  <controlfield tag="001">11257367</controlfield>
  <controlfield tag="003">DLC</controlfield>
  <controlfield tag="005">20200103073004.0</controlfield>
  <controlfield tag="008">200102n| azannaabn          |n aaa     c</controlfield>
  <datafield tag="010" ind1=" " ind2=" ">
    <subfield code="a">no2019191597</subfield>
  </datafield>
  <datafield tag="035" ind1=" " ind2=" ">
    <subfield code="a">(OCoLC)oca12666008</subfield>
  </datafield>
  <datafield tag="040" ind1=" " ind2=" ">
    <subfield code="a">DCS</subfield>
    <subfield code="b">eng</subfield>
    <subfield code="e">rda</subfield>
    <subfield code="c">DCS</subfield>
  </datafield>
  <datafield tag="046" ind1=" " ind2=" ">
    <subfield code="f">1942-10-30</subfield>
    <subfield code="2">edtf</subfield>
  </datafield>
  <datafield tag="100" ind1="1" ind2=" ">
    <subfield code="a">Stayin, Randolph J.,</subfield>
    <subfield code="d">1942</subfield>
  </datafield>
  <datafield tag="370" ind1=" " ind2=" ">
    <subfield code="a">Cincinnati (Ohio)</subfield>
    <subfield code="2">naf</subfield>
  </datafield>
  <datafield tag="377" ind1=" " ind2=" ">
    <subfield code="a">eng</subfield>
  </datafield>
  <datafield tag="670" ind1=" " ind2=" ">
    <subfield code="a">United States. Congress. Senate. Committee on Finance. Nominations of Jeffrey I. Kessler, Elizabeth Ann Copeland, Patrick J. Urda, Amy Karpel, and Randolph J. Stayin, 2019:</subfield>
    <subfield code="b">p.66 (Name: Randolph J. Stayin) p.67 (Date and place of birth: October 30, 1942, Cincinnati, OH)</subfield>
  </datafield>
</record>