
<record>
  <leader>00896nz  a2200193n  4500</leader>
  <controlfield tag="001">11257370</controlfield>
  <controlfield tag="003">DLC</controlfield>
  <controlfield tag="005">20200103073005.0</controlfield>
  <controlfield tag="008">200102n| azannaabn          |a ana     c</controlfield>
  <datafield tag="010" ind1=" " ind2=" ">
    <subfield code="a">no2019191600</subfield>
  </datafield>
  <datafield tag="035" ind1=" " ind2=" ">
    <subfield code="a">(OCoLC)oca12666011</subfield>
  </datafield>
  <datafield tag="040" ind1=" " ind2=" ">
    <subfield code="a">DHMM</subfield>
    <subfield code="b">eng</subfield>
    <subfield code="e">rda</subfield>
    <subfield code="c">DHMM</subfield>
  </datafield>
  <datafield tag="151" ind1=" " ind2=" ">
    <subfield code="a">Przybyszów (Województwo Lubuskie, Poland)</subfield>
  </datafield>
  <datafield tag="451" ind1=" " ind2=" ">
    <subfield code="a">Pürschkau (Województwo Lubuskie, Poland)</subfield>
  </datafield>
  <datafield tag="670" ind1=" " ind2=" ">
    <subfield code="a">US Holocaust Memorial Museum catalog, 2 January 2020</subfield>
    <subfield code="b">(Przybyszów (Województwo Lubuskie, Poland))</subfield>
  </datafield>
  <datafield tag="670" ind1=" " ind2=" ">
    <subfield code="a">Główny Urząd Statystyczny TERYT, 2 January 2020</subfield>
    <subfield code="b">(Przybyszów, wieś, Sława, wschowski, lubuskie; others listed in Poland)</subfield>
  </datafield>
  <datafield tag="670" ind1=" " ind2=" ">
    <subfield code="a">United States Holocaust Memorial Museum encyclopedia of camps and ghettos, 1933-1945, c2009-:</subfield>
    <subfield code="b">volume 1, page 804 (Pürschkau (now Przybyszow))</subfield>
  </datafield>
  <datafield tag="675" ind1=" " ind2=" ">
    <subfield code="a">GEOnet, 2 January 2020</subfield>
  </datafield>
  <datafield tag="781" ind1=" " ind2="0">
    <subfield code="z">Poland</subfield>
    <subfield code="z">Przybyszów (Województwo Lubuskie)</subfield>
  </datafield>
</record>