
<record>
  <leader>01265nz  a2200265n  4500</leader>
  <controlfield tag="001">11257372</controlfield>
  <controlfield tag="003">DLC</controlfield>
  <controlfield tag="005">20200103073005.0</controlfield>
  <controlfield tag="008">200101nc azannaabn          |b aaa     c</controlfield>
  <datafield tag="010" ind1=" " ind2=" ">
    <subfield code="a">no2019191609</subfield>
  </datafield>
  <datafield tag="035" ind1=" " ind2=" ">
    <subfield code="a">(OCoLC)oca12666020</subfield>
  </datafield>
  <datafield tag="040" ind1=" " ind2=" ">
    <subfield code="a">HkU</subfield>
    <subfield code="b">eng</subfield>
    <subfield code="e">rda</subfield>
    <subfield code="c">HkU</subfield>
  </datafield>
  <datafield tag="046" ind1=" " ind2=" ">
    <subfield code="f">1972-04</subfield>
    <subfield code="2">edtf</subfield>
  </datafield>
  <datafield tag="100" ind1="1" ind2=" ">
    <subfield code="a">Zhang, Hongjie,</subfield>
    <subfield code="d">1972 April-</subfield>
  </datafield>
  <datafield tag="370" ind1=" " ind2=" ">
    <subfield code="a">Liaoning Sheng (China)</subfield>
    <subfield code="2">naf</subfield>
  </datafield>
  <datafield tag="372" ind1=" " ind2=" ">
    <subfield code="a">China--History</subfield>
    <subfield code="2">lcsh</subfield>
  </datafield>
  <datafield tag="373" ind1=" " ind2=" ">
    <subfield code="a">Zhongguo ren min da xue. Qing shi yan jiu suo</subfield>
    <subfield code="2">naf</subfield>
  </datafield>
  <datafield tag="375" ind1=" " ind2=" ">
    <subfield code="a">Males</subfield>
    <subfield code="2">lcdgt</subfield>
  </datafield>
  <datafield tag="377" ind1=" " ind2=" ">
    <subfield code="a">chi</subfield>
  </datafield>
  <datafield tag="400" ind1="1" ind2=" ">
    <subfield code="a">張宏傑,</subfield>
    <subfield code="d">1972 April-</subfield>
  </datafield>
  <datafield tag="400" ind1="1" ind2=" ">
    <subfield code="a">张宏杰,</subfield>
    <subfield code="d">1972 April-</subfield>
  </datafield>
  <datafield tag="667" ind1=" " ind2=" ">
    <subfield code="a">Non-Latin script references not evaluated.</subfield>
  </datafield>
  <datafield tag="670" ind1=" " ind2=" ">
    <subfield code="a">Qianlong, 2019:</subfield>
    <subfield code="b">title page (張宏傑 = Zhang Hongjie) front cover flap (born in 1972; Ph.D. in history, Fu dan da xue; working at Zhongguo ren min da xue Qing shi yan jiu suo)</subfield>
  </datafield>
  <datafield tag="670" ind1=" " ind2=" ">
    <subfield code="a">Qianlong, 2018:</subfield>
    <subfield code="b">title page (张宏杰 = Zhang Hongjie)</subfield>
  </datafield>
  <datafield tag="670" ind1=" " ind2=" ">
    <subfield code="a">Zhongguo ren min da xue li shi xue yuan WWW site, viewed December 17, 2019</subfield>
    <subfield code="b">(张宏杰 = Zhang Hongjie; male; mongol; born April 1972, Liaoning; Ph.D., Fu dan da xue li shi di li yan jiu zhong xin, 2012; working at Zhongguo ren min da xue Qing shi suo)</subfield>
    <subfield code="u">http://lsxy.ruc.edu.cn/index.php?m=content&amp;c=index&amp;a=show&amp;catid=21&amp;id=239</subfield>
  </datafield>
</record>