
<record>
  <leader>01503nz  a2200253n  4500</leader>
  <controlfield tag="001">11257374</controlfield>
  <controlfield tag="003">DLC</controlfield>
  <controlfield tag="005">20200103073005.0</controlfield>
  <controlfield tag="008">200101nc azannaabn          |b aaa     c</controlfield>
  <datafield tag="010" ind1=" " ind2=" ">
    <subfield code="a">no2019191620</subfield>
  </datafield>
  <datafield tag="035" ind1=" " ind2=" ">
    <subfield code="a">(OCoLC)oca12666031</subfield>
  </datafield>
  <datafield tag="040" ind1=" " ind2=" ">
    <subfield code="a">HkU</subfield>
    <subfield code="b">eng</subfield>
    <subfield code="e">rda</subfield>
    <subfield code="c">HkU</subfield>
  </datafield>
  <datafield tag="046" ind1=" " ind2=" ">
    <subfield code="f">1965-04</subfield>
    <subfield code="2">edtf</subfield>
  </datafield>
  <datafield tag="100" ind1="1" ind2=" ">
    <subfield code="a">Li, Ping,</subfield>
    <subfield code="d">1965 April-</subfield>
  </datafield>
  <datafield tag="372" ind1=" " ind2=" ">
    <subfield code="a">Skin--Diseases</subfield>
    <subfield code="2">lcsh</subfield>
  </datafield>
  <datafield tag="373" ind1=" " ind2=" ">
    <subfield code="a">Beijing Shi Zhong yi yan jiu suo</subfield>
  </datafield>
  <datafield tag="373" ind1=" " ind2=" ">
    <subfield code="a">Beijing Zhong yi yao da xue</subfield>
    <subfield code="a">Shou du yi ke da xue (China)</subfield>
    <subfield code="2">naf</subfield>
  </datafield>
  <datafield tag="374" ind1=" " ind2=" ">
    <subfield code="a">University and college faculty members</subfield>
    <subfield code="2">lcdgt</subfield>
  </datafield>
  <datafield tag="375" ind1=" " ind2=" ">
    <subfield code="a">Females</subfield>
    <subfield code="2">lcdgt</subfield>
  </datafield>
  <datafield tag="377" ind1=" " ind2=" ">
    <subfield code="a">chi</subfield>
  </datafield>
  <datafield tag="400" ind1="1" ind2=" ">
    <subfield code="a">李萍,</subfield>
    <subfield code="d">1965 April-</subfield>
  </datafield>
  <datafield tag="667" ind1=" " ind2=" ">
    <subfield code="a">Non-Latin script reference not evaluated.</subfield>
  </datafield>
  <datafield tag="670" ind1=" " ind2=" ">
    <subfield code="a">Chuang yang sheng ji li lun de Zhong yi yan jiu, 2019:</subfield>
    <subfield code="b">title page (李萍 = Li Ping) front cover flap (female; researcher; professor; vice supervisor, Beijing Shi Zhong yi yan jiu suo; doctoral candidate supervisor, Beijing Zhong yi yao da xue and Shou du yi ke da xue; mamber, Beijing Zhong yi wai ke zhuan ye wei yuan hui, Zhongguo bing li sheng li xue hui Zhong yi huan ye wei yuan hui; research on ulcers and psoriasis)</subfield>
  </datafield>
  <datafield tag="670" ind1=" " ind2=" ">
    <subfield code="a">Shou du yi ke da xue fu shi Beijing Zhong yi yi yuan WWW site, viewed December 10, 2019</subfield>
    <subfield code="b">(李萍 = Li Ping; female; born in April 1965; researcher; committee member, Beijing Zhong yi wai ke zhuan ye wei yuan hui, Zhongguo bing li sheng li xue hui Zhong yi huan ye wei yuan hui; specialized in skin diseases)</subfield>
    <subfield code="u">http://www.bjzhongyi.com/doctor/article/10657.html</subfield>
  </datafield>
</record>