
<record>
  <leader>01202nz  a2200253n  4500</leader>
  <controlfield tag="001">11257375</controlfield>
  <controlfield tag="003">DLC</controlfield>
  <controlfield tag="005">20200103073005.0</controlfield>
  <controlfield tag="008">200101nc azannaabn          |b aaa     c</controlfield>
  <datafield tag="010" ind1=" " ind2=" ">
    <subfield code="a">no2019191627</subfield>
  </datafield>
  <datafield tag="035" ind1=" " ind2=" ">
    <subfield code="a">(OCoLC)oca12666038</subfield>
  </datafield>
  <datafield tag="040" ind1=" " ind2=" ">
    <subfield code="a">HkU</subfield>
    <subfield code="b">eng</subfield>
    <subfield code="e">rda</subfield>
    <subfield code="c">HkU</subfield>
  </datafield>
  <datafield tag="046" ind1=" " ind2=" ">
    <subfield code="f">1984-12</subfield>
    <subfield code="2">edtf</subfield>
  </datafield>
  <datafield tag="100" ind1="1" ind2=" ">
    <subfield code="a">Cao, Ye,</subfield>
    <subfield code="d">1984-</subfield>
  </datafield>
  <datafield tag="371" ind1=" " ind2=" ">
    <subfield code="m">nmgygjcy@163.com</subfield>
  </datafield>
  <datafield tag="372" ind1=" " ind2=" ">
    <subfield code="a">Business logistics</subfield>
    <subfield code="a">Marketing</subfield>
    <subfield code="a">Transportation</subfield>
    <subfield code="2">lcsh</subfield>
  </datafield>
  <datafield tag="373" ind1=" " ind2=" ">
    <subfield code="a">Nei Menggu cai jing da xue. Shang wu xue yuan</subfield>
  </datafield>
  <datafield tag="374" ind1=" " ind2=" ">
    <subfield code="a">University and college faculty members</subfield>
    <subfield code="2">lcdgt</subfield>
  </datafield>
  <datafield tag="375" ind1=" " ind2=" ">
    <subfield code="a">Males</subfield>
    <subfield code="2">lcdgt</subfield>
  </datafield>
  <datafield tag="377" ind1=" " ind2=" ">
    <subfield code="a">chi</subfield>
  </datafield>
  <datafield tag="400" ind1="1" ind2=" ">
    <subfield code="a">曹晔,</subfield>
    <subfield code="d">1984-</subfield>
  </datafield>
  <datafield tag="667" ind1=" " ind2=" ">
    <subfield code="a">Non-Latin script reference not evaluated.</subfield>
  </datafield>
  <datafield tag="670" ind1=" " ind2=" ">
    <subfield code="a">Zhong E nong chan pin wu liu yu mao yi lian dong fa zhan, 2019:</subfield>
    <subfield code="b">title page (曹晔 = Cao Ye) front cover flap (male; lecturer; economist; teacher, Nei Menggu cai jing da xue; mainly research on transportation, logistic management, etc.)</subfield>
  </datafield>
  <datafield tag="670" ind1=" " ind2=" ">
    <subfield code="a">Nei Menggu da xue shang wu xue yuan WWW site, viewed December 23, 2019</subfield>
    <subfield code="b">(曹晔 = Cao Ye; male; born in December 1984; lecturer; research fields: logistics, marketing; email: nmgygjcy@163.com)</subfield>
    <subfield code="u">https://www.imufe.edu.cn/swxy/szdw/wlglx/201404/t20140416_36040.html</subfield>
  </datafield>
</record>