
<record>
  <leader>01063nz  a2200229n  4500</leader>
  <controlfield tag="001">11257376</controlfield>
  <controlfield tag="003">DLC</controlfield>
  <controlfield tag="005">20200103073005.0</controlfield>
  <controlfield tag="008">200101nc azannaabn          |b aaa     c</controlfield>
  <datafield tag="010" ind1=" " ind2=" ">
    <subfield code="a">no2019191628</subfield>
  </datafield>
  <datafield tag="035" ind1=" " ind2=" ">
    <subfield code="a">(OCoLC)oca12666039</subfield>
  </datafield>
  <datafield tag="040" ind1=" " ind2=" ">
    <subfield code="a">HkU</subfield>
    <subfield code="b">eng</subfield>
    <subfield code="e">rda</subfield>
    <subfield code="c">HkU</subfield>
  </datafield>
  <datafield tag="046" ind1=" " ind2=" ">
    <subfield code="f">1977</subfield>
    <subfield code="2">edtf</subfield>
  </datafield>
  <datafield tag="100" ind1="1" ind2=" ">
    <subfield code="a">Jiang, Jie,</subfield>
    <subfield code="d">1977-</subfield>
  </datafield>
  <datafield tag="370" ind1=" " ind2=" ">
    <subfield code="a">Changzhou (Jiangsu Sheng, China)</subfield>
    <subfield code="2">naf</subfield>
  </datafield>
  <datafield tag="373" ind1=" " ind2=" ">
    <subfield code="a">Nanjing yi shu xue yuan. She ji xue yuan</subfield>
  </datafield>
  <datafield tag="374" ind1=" " ind2=" ">
    <subfield code="a">University and college faculty members</subfield>
    <subfield code="2">lcdgt</subfield>
  </datafield>
  <datafield tag="377" ind1=" " ind2=" ">
    <subfield code="a">chi</subfield>
  </datafield>
  <datafield tag="400" ind1="1" ind2=" ">
    <subfield code="a">蒋杰,</subfield>
    <subfield code="d">1977-</subfield>
  </datafield>
  <datafield tag="667" ind1=" " ind2=" ">
    <subfield code="a">Non-Latin script reference not evaluated.</subfield>
  </datafield>
  <datafield tag="670" ind1=" " ind2=" ">
    <subfield code="a">Shu ji she ji, 2007:</subfield>
    <subfield code="b">title page (蒋杰 = Jiang Jie)</subfield>
  </datafield>
  <datafield tag="670" ind1=" " ind2=" ">
    <subfield code="a">School of Design, Nanjing University of the Arts WWW site, viewed December 12, 2019</subfield>
    <subfield code="b">(蒋杰 = Jiang Jie; born 1977 in Jiangsu Sheng Changzhou Shi; B.A., Nanjing yi shu xue yuan she ji xi zhuang huang yi shu zhuan ye, 1999; M.A., Nanjing yi shu xue yuan she ji xue yuan yi shu she ji zhuan ye, 2002; co-authored &quot;Bian pai she ji&quot; etc.)</subfield>
    <subfield code="u">http://dc.nua.edu.cn/2011/0829/c1496a35739/page.htm</subfield>
  </datafield>
</record>