
<record>
  <leader>01131nz  a2200217n  4500</leader>
  <controlfield tag="001">11257377</controlfield>
  <controlfield tag="003">DLC</controlfield>
  <controlfield tag="005">20200103073005.0</controlfield>
  <controlfield tag="008">200101nc azannaabn          |b aaa     c</controlfield>
  <datafield tag="010" ind1=" " ind2=" ">
    <subfield code="a">no2019191629</subfield>
  </datafield>
  <datafield tag="035" ind1=" " ind2=" ">
    <subfield code="a">(OCoLC)oca12666040</subfield>
  </datafield>
  <datafield tag="040" ind1=" " ind2=" ">
    <subfield code="a">HkU</subfield>
    <subfield code="b">eng</subfield>
    <subfield code="e">rda</subfield>
    <subfield code="c">HkU</subfield>
  </datafield>
  <datafield tag="100" ind1="1" ind2=" ">
    <subfield code="a">Song, Yang</subfield>
    <subfield code="c">(Researcher on economics)</subfield>
  </datafield>
  <datafield tag="372" ind1=" " ind2=" ">
    <subfield code="a">Labor economics</subfield>
    <subfield code="a">Development economics</subfield>
    <subfield code="2">lcsh</subfield>
  </datafield>
  <datafield tag="373" ind1=" " ind2=" ">
    <subfield code="a">Zhongguo ren min da xue. Jing ji xue yuan</subfield>
    <subfield code="a">Cornell University</subfield>
    <subfield code="2">naf</subfield>
  </datafield>
  <datafield tag="373" ind1=" " ind2=" ">
    <subfield code="a">Guo jia fa zhan yu zhan lüe yan jiu yuan (China)</subfield>
  </datafield>
  <datafield tag="374" ind1=" " ind2=" ">
    <subfield code="a">University and college faculty members</subfield>
    <subfield code="2">lcdgt</subfield>
  </datafield>
  <datafield tag="377" ind1=" " ind2=" ">
    <subfield code="a">chi</subfield>
    <subfield code="a">eng</subfield>
  </datafield>
  <datafield tag="400" ind1="1" ind2=" ">
    <subfield code="a">宋扬</subfield>
    <subfield code="c">(Researcher on economics)</subfield>
  </datafield>
  <datafield tag="667" ind1=" " ind2=" ">
    <subfield code="a">Non-Latin script reference not evaluated.</subfield>
  </datafield>
  <datafield tag="670" ind1=" " ind2=" ">
    <subfield code="a">Zhongguo hu ji zhi du de shen ru jie xi, 2019:</subfield>
    <subfield code="b">title page (宋扬 = Song Yang) back cover flap (Song Yang; associate professor, Zhongguo ren min da xue jing ji xue yuan; researcher, Guo jia fa zhan yu zhan lüe yan jiu yuan; Ph.D. in economics, Cornell University; research areas: labor economics and development economics; focus on labor mobility, income gap and poverty; co-authored &quot;Lao dong jing ji xue&quot;)</subfield>
  </datafield>
</record>