
<record>
  <leader>01584nz  a2200253n  4500</leader>
  <controlfield tag="001">11257379</controlfield>
  <controlfield tag="003">DLC</controlfield>
  <controlfield tag="005">20200103073005.0</controlfield>
  <controlfield tag="008">200102nc azannaabn          |b aaa     c</controlfield>
  <datafield tag="010" ind1=" " ind2=" ">
    <subfield code="a">no2019191634</subfield>
  </datafield>
  <datafield tag="035" ind1=" " ind2=" ">
    <subfield code="a">(OCoLC)oca12666045</subfield>
  </datafield>
  <datafield tag="040" ind1=" " ind2=" ">
    <subfield code="a">HkU</subfield>
    <subfield code="b">eng</subfield>
    <subfield code="e">rda</subfield>
    <subfield code="c">HkU</subfield>
  </datafield>
  <datafield tag="100" ind1="1" ind2=" ">
    <subfield code="a">Du, Fang</subfield>
    <subfield code="c">(Research on law)</subfield>
  </datafield>
  <datafield tag="371" ind1=" " ind2=" ">
    <subfield code="m">dufang596@hotmail.com</subfield>
  </datafield>
  <datafield tag="372" ind1=" " ind2=" ">
    <subfield code="a">Housing--Law and legislation--China</subfield>
    <subfield code="a">Civil rights--China</subfield>
    <subfield code="a">Intellectual property</subfield>
    <subfield code="2">lcsh</subfield>
  </datafield>
  <datafield tag="373" ind1=" " ind2=" ">
    <subfield code="a">Xiangtan da xue</subfield>
    <subfield code="2">naf</subfield>
  </datafield>
  <datafield tag="373" ind1=" " ind2=" ">
    <subfield code="a">Hunan da xue. Gong shang guan li xue yuan</subfield>
  </datafield>
  <datafield tag="374" ind1=" " ind2=" ">
    <subfield code="a">University and college faculty members</subfield>
    <subfield code="2">lcdgt</subfield>
  </datafield>
  <datafield tag="375" ind1=" " ind2=" ">
    <subfield code="a">Females</subfield>
    <subfield code="2">lcdgt</subfield>
  </datafield>
  <datafield tag="377" ind1=" " ind2=" ">
    <subfield code="a">chi</subfield>
    <subfield code="a">eng</subfield>
  </datafield>
  <datafield tag="400" ind1="1" ind2=" ">
    <subfield code="a">杜芳</subfield>
    <subfield code="c">(Research on law)</subfield>
  </datafield>
  <datafield tag="667" ind1=" " ind2=" ">
    <subfield code="a">Non-Latin script reference not evaluated.</subfield>
  </datafield>
  <datafield tag="670" ind1=" " ind2=" ">
    <subfield code="a">Wo guo gong min zhu fang quan de si fa bao zhang yan jiu, 2013:</subfield>
    <subfield code="b">title page (杜芳 = Du Fang) brief introduction of author (Du Fang; female; born in 1975; lecturer, Hunan da xue gong shang guan li xue yuan; Ph.D. in law; mainly research on constitution and administrative law; research focused on citizen housing rights and housing demolition)</subfield>
  </datafield>
  <datafield tag="670" ind1=" " ind2=" ">
    <subfield code="a">Hunan University WWW site, viewed December 9, 2019</subfield>
    <subfield code="b">(杜芳 = Du Fang; Ph.D. in law, Xiangtan da xue, 2009; assistant professor, Hunan da xue gong shang guan li xue yuan since November 2010; postdoctoral fellow, Zhongguo she hui ke xue yuan nong cun jing ji fa zhan yan jiu suo; research areas: housing right, housing issues, civil society and intellectual property management; email: dufang596@hotmail.com</subfield>
    <subfield code="u">http://grjl.hnu.edu.cn/p/06837BA6367289ABFA3BE9DD88D69F01</subfield>
  </datafield>
</record>