
<record>
  <leader>00922nz  a2200205n  4500</leader>
  <controlfield tag="001">11257380</controlfield>
  <controlfield tag="003">DLC</controlfield>
  <controlfield tag="005">20200103073005.0</controlfield>
  <controlfield tag="008">200102n| azannaabn          |b aaa     c</controlfield>
  <datafield tag="010" ind1=" " ind2=" ">
    <subfield code="a">no2019191635</subfield>
  </datafield>
  <datafield tag="035" ind1=" " ind2=" ">
    <subfield code="a">(OCoLC)oca12666046</subfield>
  </datafield>
  <datafield tag="040" ind1=" " ind2=" ">
    <subfield code="a">PPiU</subfield>
    <subfield code="b">eng</subfield>
    <subfield code="e">rda</subfield>
    <subfield code="c">PPiU</subfield>
  </datafield>
  <datafield tag="046" ind1=" " ind2=" ">
    <subfield code="f">1924-06-15</subfield>
    <subfield code="2">edtf</subfield>
  </datafield>
  <datafield tag="100" ind1="1" ind2=" ">
    <subfield code="a">Zhanybekov, Shangereĭ,</subfield>
    <subfield code="d">1924-</subfield>
  </datafield>
  <datafield tag="370" ind1=" " ind2=" ">
    <subfield code="a">Qostanaĭ oblysy (Kazakhstan)</subfield>
    <subfield code="2">naf</subfield>
  </datafield>
  <datafield tag="375" ind1=" " ind2=" ">
    <subfield code="a">male</subfield>
  </datafield>
  <datafield tag="378" ind1=" " ind2=" ">
    <subfield code="q">Shangereĭ Zhanybekovich</subfield>
  </datafield>
  <datafield tag="400" ind1="1" ind2=" ">
    <subfield code="a">Жаныбеков, Шангерей,</subfield>
    <subfield code="d">1924-</subfield>
  </datafield>
  <datafield tag="667" ind1=" " ind2=" ">
    <subfield code="a">Non-Latin script reference not evaluated.</subfield>
  </datafield>
  <datafield tag="670" ind1=" " ind2=" ">
    <subfield code="a">O proĭdennom puti i dobrykh poputchikakh, 2019:</subfield>
    <subfield code="b">title page (Шангерей Жаныбеков = Shangereĭ Zhanybekov) page 495 (Жаныбеков Шангерей Жаныбекович = Zhanybekov Shangereĭ Zhanybekovich; born 15 June 1924, in former Karpyk auyly, Denisovskiĭ raĭon, Kostanaĭskai︠a︡ oblastʹ [Kazakhstan])</subfield>
  </datafield>
</record>