
<record>
  <leader>01012nz  a2200217n  4500</leader>
  <controlfield tag="001">11257390</controlfield>
  <controlfield tag="003">DLC</controlfield>
  <controlfield tag="005">20200103073006.0</controlfield>
  <controlfield tag="008">200102n| azannaabn          |b aaa     c</controlfield>
  <datafield tag="010" ind1=" " ind2=" ">
    <subfield code="a">no2019191648</subfield>
  </datafield>
  <datafield tag="035" ind1=" " ind2=" ">
    <subfield code="a">(OCoLC)oca12666059</subfield>
  </datafield>
  <datafield tag="040" ind1=" " ind2=" ">
    <subfield code="a">NNC-EA</subfield>
    <subfield code="b">eng</subfield>
    <subfield code="e">rda</subfield>
    <subfield code="c">NNC</subfield>
  </datafield>
  <datafield tag="046" ind1=" " ind2=" ">
    <subfield code="f">1960-01-29</subfield>
    <subfield code="g">2016-04-05</subfield>
    <subfield code="2">edtf</subfield>
  </datafield>
  <datafield tag="100" ind1="1" ind2=" ">
    <subfield code="a">Nakabe, Yoshitaka,</subfield>
    <subfield code="d">1960-2016</subfield>
  </datafield>
  <datafield tag="370" ind1=" " ind2=" ">
    <subfield code="a">Osaka (Japan : Prefecture)</subfield>
    <subfield code="b">Osaka (Japan : Prefecture)</subfield>
    <subfield code="2">naf</subfield>
  </datafield>
  <datafield tag="373" ind1=" " ind2=" ">
    <subfield code="a">Kōbe Daigaku. Daigakuin</subfield>
    <subfield code="a">Yamato Bunkakan</subfield>
    <subfield code="2">naf</subfield>
  </datafield>
  <datafield tag="377" ind1=" " ind2=" ">
    <subfield code="a">jpn</subfield>
  </datafield>
  <datafield tag="400" ind1="1" ind2=" ">
    <subfield code="a">中部義隆,</subfield>
    <subfield code="d">1960-2016</subfield>
  </datafield>
  <datafield tag="667" ind1=" " ind2=" ">
    <subfield code="a">Non-Latin script reference not evaluated</subfield>
  </datafield>
  <datafield tag="670" ind1=" " ind2=" ">
    <subfield code="a">Kinsei kaiga kenkyū, Heisei 30, 2018:</subfield>
    <subfield code="b">t.p. (中部義隆 = Nakabe Yoshitaka) colophon (r; b. Jan. 29, 1960, Ōsaka-fu; d. Apr. 5, 2016, Ōsaka-fu; withdrew from doctoral program, Kōbe Daigaku, Dec. 1987; visiting prof., Kōbe Daigaku Daigakuin; with Yamato Bunkakan)</subfield>
  </datafield>
  <datafield tag="672" ind1=" " ind2="0">
    <subfield code="a">Kinsei kaiga kenkyū</subfield>
    <subfield code="b">Yamato Bunkakan shozōhin o chūshin ni</subfield>
    <subfield code="f">2018</subfield>
    <subfield code="w">(OCoLC)1086238597</subfield>
    <subfield code="w">(OCoLC)1050190601</subfield>
  </datafield>
</record>