
<record>
  <leader>00843nz  a2200181n  4500</leader>
  <controlfield tag="001">11257392</controlfield>
  <controlfield tag="003">DLC</controlfield>
  <controlfield tag="005">20200103073006.0</controlfield>
  <controlfield tag="008">200102n| azannaabn          |n ana     c</controlfield>
  <datafield tag="010" ind1=" " ind2=" ">
    <subfield code="a">no2019191650</subfield>
  </datafield>
  <datafield tag="035" ind1=" " ind2=" ">
    <subfield code="a">(OCoLC)oca12666061</subfield>
  </datafield>
  <datafield tag="040" ind1=" " ind2=" ">
    <subfield code="a">ICrlF</subfield>
    <subfield code="b">eng</subfield>
    <subfield code="e">rda</subfield>
    <subfield code="c">ICrlF</subfield>
  </datafield>
  <datafield tag="046" ind1=" " ind2=" ">
    <subfield code="s">2012-11-06</subfield>
    <subfield code="t">2013-08-29</subfield>
    <subfield code="2">edtf</subfield>
  </datafield>
  <datafield tag="130" ind1=" " ind2="0">
    <subfield code="a">Dara O&apos;Briain&apos;s Science Club (Television program)</subfield>
  </datafield>
  <datafield tag="377" ind1=" " ind2=" ">
    <subfield code="a">eng</subfield>
  </datafield>
  <datafield tag="380" ind1=" " ind2=" ">
    <subfield code="a">Science television programs</subfield>
    <subfield code="2">lcsh</subfield>
  </datafield>
  <datafield tag="670" ind1=" " ind2=" ">
    <subfield code="a">Dara O&apos;Briain&apos;s Science club. Series 1, Albert Einstein [VR], 2020, 2012:</subfield>
    <subfield code="b">container (Dara O&apos;Briain&apos;s Science Club)</subfield>
  </datafield>
  <datafield tag="670" ind1=" " ind2=" ">
    <subfield code="a">Wikipedia, Dec. 31, 2019:</subfield>
    <subfield code="b">(Dara O&apos;Briain&apos;s Science Club is a British science television series presented by Dara O Briain which first aired on BBC Two between 6 November 2012 and 29 August 2013. Each week, the team take one subject and explore all possible angles)</subfield>
  </datafield>
</record>