
<record>
  <leader>01417nz  a2200205n  4500</leader>
  <controlfield tag="001">11257396</controlfield>
  <controlfield tag="003">DLC</controlfield>
  <controlfield tag="005">20200103073006.0</controlfield>
  <controlfield tag="008">200102n| azannaabn          |n aaa     c</controlfield>
  <datafield tag="010" ind1=" " ind2=" ">
    <subfield code="a">no2019191659</subfield>
  </datafield>
  <datafield tag="035" ind1=" " ind2=" ">
    <subfield code="a">(OCoLC)oca12666070</subfield>
  </datafield>
  <datafield tag="040" ind1=" " ind2=" ">
    <subfield code="a">GaAaGPL</subfield>
    <subfield code="b">eng</subfield>
    <subfield code="e">rda</subfield>
    <subfield code="c">GaAaGPL</subfield>
  </datafield>
  <datafield tag="100" ind1="1" ind2=" ">
    <subfield code="a">Newberry, James,</subfield>
    <subfield code="d">1988-</subfield>
  </datafield>
  <datafield tag="370" ind1=" " ind2=" ">
    <subfield code="a">Macon (Ga.)</subfield>
    <subfield code="c">United States</subfield>
    <subfield code="e">Atlanta (Ga.)</subfield>
    <subfield code="2">naf</subfield>
  </datafield>
  <datafield tag="372" ind1=" " ind2=" ">
    <subfield code="a">Genealogy</subfield>
    <subfield code="a">History, Local</subfield>
    <subfield code="2">lcsh</subfield>
  </datafield>
  <datafield tag="373" ind1=" " ind2=" ">
    <subfield code="a">University of Georgia</subfield>
    <subfield code="a">Georgia State University</subfield>
    <subfield code="2">naf</subfield>
  </datafield>
  <datafield tag="374" ind1=" " ind2=" ">
    <subfield code="a">Authors</subfield>
    <subfield code="a">Genealogists</subfield>
    <subfield code="2">lcsh</subfield>
  </datafield>
  <datafield tag="375" ind1=" " ind2=" ">
    <subfield code="a">Males</subfield>
    <subfield code="2">lcdgt</subfield>
  </datafield>
  <datafield tag="377" ind1=" " ind2=" ">
    <subfield code="a">eng</subfield>
  </datafield>
  <datafield tag="670" ind1=" " ind2=" ">
    <subfield code="a">Years after Yeomans : a biography of the Jones Family, ©2017:</subfield>
    <subfield code="b">title page (James Newberry) page 181 (James Newberry was born in Macon, Georgia, in 1988. He is the great-great grandson of John S. Jones. At a young age, James developed a passion for history because of the stories his grandparents told him. James&apos;s interests include family history and biography and social histories of the American South. After earning a history degree from the University of Georgia in 2010, James completed his mater&apos;s at Georgia State University and worked at the Georgia Trust for Historic Preservation and National Archives at Atlanta. In 2013, he joined the staff of the Museum of History and Holocaust Education at Kennesaw State University. As oral history manager, James delivers in-school programs, curates exhibits, and develops curriculum)</subfield>
  </datafield>
</record>