
<record>
  <leader>01273nz  a2200229n  4500</leader>
  <controlfield tag="001">11257397</controlfield>
  <controlfield tag="003">DLC</controlfield>
  <controlfield tag="005">20200103073006.0</controlfield>
  <controlfield tag="008">200102n| azannaabn          |a ana     c</controlfield>
  <datafield tag="010" ind1=" " ind2=" ">
    <subfield code="a">no2019191660</subfield>
  </datafield>
  <datafield tag="035" ind1=" " ind2=" ">
    <subfield code="a">(OCoLC)oca12666071</subfield>
  </datafield>
  <datafield tag="040" ind1=" " ind2=" ">
    <subfield code="a">IEN</subfield>
    <subfield code="b">eng</subfield>
    <subfield code="e">rda</subfield>
    <subfield code="c">IEN</subfield>
  </datafield>
  <datafield tag="046" ind1=" " ind2=" ">
    <subfield code="s">2003-07-25</subfield>
    <subfield code="2">edtf</subfield>
  </datafield>
  <datafield tag="110" ind1="2" ind2=" ">
    <subfield code="a">National Consultative Forum of Political Organizations (Rwanda)</subfield>
  </datafield>
  <datafield tag="370" ind1=" " ind2=" ">
    <subfield code="c">Rwanda</subfield>
    <subfield code="e">Kigali (Rwanda)</subfield>
    <subfield code="2">naf</subfield>
  </datafield>
  <datafield tag="410" ind1="2" ind2=" ">
    <subfield code="a">Forum national de concertation des formation politiques (Rwanda)</subfield>
  </datafield>
  <datafield tag="410" ind1="2" ind2=" ">
    <subfield code="a">Ihuriro Ry&apos;Igihugu Nyunguranabitekerezo Ry&apos;Imitwe ya Politiki (Rwanda)</subfield>
  </datafield>
  <datafield tag="410" ind1="2" ind2=" ">
    <subfield code="a">N.F.P.O.</subfield>
  </datafield>
  <datafield tag="410" ind1="2" ind2=" ">
    <subfield code="a">NFPO</subfield>
  </datafield>
  <datafield tag="410" ind1="1" ind2=" ">
    <subfield code="a">Rwanda.</subfield>
    <subfield code="b">National Consultative Forum of Political Organizations</subfield>
  </datafield>
  <datafield tag="670" ind1=" " ind2=" ">
    <subfield code="a">Recollection of the presentations for two national conferences on the Rwanda&apos;s political philosophy, 2016:</subfield>
    <subfield code="b">cover (National Consultative Forum of Political Organizations = Forum national de concertation des formation politiques = Ihuriro Ry&apos;Igihugu Nyunguranabitekerezo Ry&apos;Imitwe ya Politiki, N.F.P.O)</subfield>
  </datafield>
  <datafield tag="670" ind1=" " ind2=" ">
    <subfield code="a">National Consultative Forum of Political Organizations, viewed January 2, 2020</subfield>
    <subfield code="b">NFPO background (established by the Rwanda Constitution of 2003, began operations July 25, 2003, headquarters in Kigali)</subfield>
    <subfield code="u">http://www.forumfp.org.rw/index.php?id=5</subfield>
  </datafield>
</record>