
<record>
  <leader>01177nz  a2200241n  4500</leader>
  <controlfield tag="001">11257398</controlfield>
  <controlfield tag="003">DLC</controlfield>
  <controlfield tag="005">20200103073006.0</controlfield>
  <controlfield tag="008">200102nc azannaabn          |b aaa     c</controlfield>
  <datafield tag="010" ind1=" " ind2=" ">
    <subfield code="a">no2019191664</subfield>
  </datafield>
  <datafield tag="035" ind1=" " ind2=" ">
    <subfield code="a">(OCoLC)oca12666075</subfield>
  </datafield>
  <datafield tag="040" ind1=" " ind2=" ">
    <subfield code="a">HkU</subfield>
    <subfield code="b">eng</subfield>
    <subfield code="e">rda</subfield>
    <subfield code="c">HkU</subfield>
  </datafield>
  <datafield tag="046" ind1=" " ind2=" ">
    <subfield code="f">1983-09</subfield>
    <subfield code="2">edtf</subfield>
  </datafield>
  <datafield tag="100" ind1="1" ind2=" ">
    <subfield code="a">Huang, Jianxing,</subfield>
    <subfield code="d">1983-</subfield>
  </datafield>
  <datafield tag="370" ind1=" " ind2=" ">
    <subfield code="f">Putian Shi (China)</subfield>
    <subfield code="2">naf</subfield>
  </datafield>
  <datafield tag="372" ind1=" " ind2=" ">
    <subfield code="a">Taoism</subfield>
    <subfield code="a">Religion</subfield>
    <subfield code="a">Fujian Sheng (China)--Civilization</subfield>
    <subfield code="a">Taiwan--Civilization</subfield>
    <subfield code="a">Intangible property</subfield>
    <subfield code="2">lcsh</subfield>
  </datafield>
  <datafield tag="373" ind1=" " ind2=" ">
    <subfield code="a">Chinese University of Hong Kong</subfield>
    <subfield code="2">naf</subfield>
  </datafield>
  <datafield tag="373" ind1=" " ind2=" ">
    <subfield code="a">Fujian shi fan da xue. She hui li shi xue yuan</subfield>
  </datafield>
  <datafield tag="374" ind1=" " ind2=" ">
    <subfield code="a">University and college faculty members</subfield>
    <subfield code="2">lcdgt</subfield>
  </datafield>
  <datafield tag="377" ind1=" " ind2=" ">
    <subfield code="a">chi</subfield>
  </datafield>
  <datafield tag="400" ind1="1" ind2=" ">
    <subfield code="a">黄建兴,</subfield>
    <subfield code="d">1983-</subfield>
  </datafield>
  <datafield tag="667" ind1=" " ind2=" ">
    <subfield code="a">Non-Latin script reference not evaluated.</subfield>
  </datafield>
  <datafield tag="670" ind1=" " ind2=" ">
    <subfield code="a">Shi jiao, 2018:</subfield>
    <subfield code="b">title page (黄建兴 = Huang Jianxing) front cover flap (Huang Jianxing; born in September 1983; native of Fujian Putian; doctor of philosophy, Xianggang Zhong wen da xue Zhongguo yan jiu zhuan ye, 2013; associate professor, Fujian shi fan da xue she hui li shi xue yuan; research areas: Taoism, folk beliefs, culture of Fujian Sheng and Taiwan, intangible cultural heritage etc.)</subfield>
  </datafield>
</record>