
<record>
  <leader>01562nz  a2200313n  4500</leader>
  <controlfield tag="001">11257399</controlfield>
  <controlfield tag="003">DLC</controlfield>
  <controlfield tag="005">20200103073006.0</controlfield>
  <controlfield tag="008">200102nc azannaabn          |b aaa     c</controlfield>
  <datafield tag="010" ind1=" " ind2=" ">
    <subfield code="a">no2019191665</subfield>
  </datafield>
  <datafield tag="035" ind1=" " ind2=" ">
    <subfield code="a">(OCoLC)oca12666076</subfield>
  </datafield>
  <datafield tag="040" ind1=" " ind2=" ">
    <subfield code="a">HkU</subfield>
    <subfield code="b">eng</subfield>
    <subfield code="e">rda</subfield>
    <subfield code="c">HkU</subfield>
  </datafield>
  <datafield tag="046" ind1=" " ind2=" ">
    <subfield code="f">1956-03-27</subfield>
    <subfield code="2">edtf</subfield>
  </datafield>
  <datafield tag="100" ind1="1" ind2=" ">
    <subfield code="a">Leung, Kwok-hung,</subfield>
    <subfield code="d">1956-</subfield>
  </datafield>
  <datafield tag="370" ind1=" " ind2=" ">
    <subfield code="a">Hong Kong (China)</subfield>
    <subfield code="f">Zengcheng Shi (China)</subfield>
    <subfield code="2">naf</subfield>
  </datafield>
  <datafield tag="372" ind1=" " ind2=" ">
    <subfield code="a">Minimum wage--China--Hong Kong</subfield>
    <subfield code="a">Hours of labor--China--Hong Kong</subfield>
    <subfield code="2">lcsh</subfield>
  </datafield>
  <datafield tag="373" ind1=" " ind2=" ">
    <subfield code="a">League of Social Democrats</subfield>
  </datafield>
  <datafield tag="374" ind1=" " ind2=" ">
    <subfield code="a">Political activists</subfield>
    <subfield code="a">Legislators</subfield>
    <subfield code="2">lcsh</subfield>
  </datafield>
  <datafield tag="375" ind1=" " ind2=" ">
    <subfield code="a">Males</subfield>
    <subfield code="2">lcdgt</subfield>
  </datafield>
  <datafield tag="377" ind1=" " ind2=" ">
    <subfield code="a">chi</subfield>
    <subfield code="a">eng</subfield>
  </datafield>
  <datafield tag="400" ind1="1" ind2=" ">
    <subfield code="a">Liang, Guoxiong,</subfield>
    <subfield code="d">1956-</subfield>
  </datafield>
  <datafield tag="400" ind1="1" ind2=" ">
    <subfield code="a">梁國雄,</subfield>
    <subfield code="d">1956-</subfield>
  </datafield>
  <datafield tag="400" ind1="0" ind2=" ">
    <subfield code="a">長毛</subfield>
  </datafield>
  <datafield tag="400" ind1="0" ind2=" ">
    <subfield code="a">Changmao</subfield>
  </datafield>
  <datafield tag="400" ind1="0" ind2=" ">
    <subfield code="a">Longhair</subfield>
  </datafield>
  <datafield tag="667" ind1=" " ind2=" ">
    <subfield code="a">Non-Latin script references not evaluated.</subfield>
  </datafield>
  <datafield tag="670" ind1=" " ind2=" ">
    <subfield code="a">Huge election victory for opposition. How should Carrie Lam respond?, 2019:</subfield>
    <subfield code="b">screen (Longhair Leung Kwok-hung; former legislator)</subfield>
  </datafield>
  <datafield tag="670" ind1=" " ind2=" ">
    <subfield code="a">Changmao zhi shuo bo zheng bu fen, 2006:</subfield>
    <subfield code="b">title page (梁國雄 = Liang Guoxiong)</subfield>
  </datafield>
  <datafield tag="670" ind1=" " ind2=" ">
    <subfield code="a">Wikipedia website, viewed on December 6, 2019</subfield>
    <subfield code="b">(梁國雄 = Liang Guoxiang; Leung Kwok-hung [in rom.]; nickname, 長毛 = Changmao; Longhair [in rom.]; born on March 27, 1956 in Hong Kong; male; native of Guangdong Zengcheng; politician; social activist; former legislator; focused on minimum wage, standard working hours, etc.; co-founded League of Social Democrats in 2006; graduated from Clementi Secondary School)</subfield>
    <subfield code="u">https://zh.wikipedia.org/wiki/%E6%A2%81%E5%9C%8B%E9%9B%84</subfield>
  </datafield>
</record>