
<record>
  <leader>01308nz  a2200241n  4500</leader>
  <controlfield tag="001">11257400</controlfield>
  <controlfield tag="003">DLC</controlfield>
  <controlfield tag="005">20200103073006.0</controlfield>
  <controlfield tag="008">200102n| azannaabn          |a aaa     c</controlfield>
  <datafield tag="010" ind1=" " ind2=" ">
    <subfield code="a">no2019191666</subfield>
  </datafield>
  <datafield tag="035" ind1=" " ind2=" ">
    <subfield code="a">(OCoLC)oca12666077</subfield>
  </datafield>
  <datafield tag="040" ind1=" " ind2=" ">
    <subfield code="a">OrCS</subfield>
    <subfield code="b">eng</subfield>
    <subfield code="e">rda</subfield>
    <subfield code="c">OrCS</subfield>
  </datafield>
  <datafield tag="046" ind1=" " ind2=" ">
    <subfield code="f">1915-10-27</subfield>
    <subfield code="g">1962-10-21</subfield>
    <subfield code="2">edtf</subfield>
  </datafield>
  <datafield tag="100" ind1="1" ind2=" ">
    <subfield code="a">Klaehn, Friedrich U.,</subfield>
    <subfield code="d">1915-1962</subfield>
  </datafield>
  <datafield tag="368" ind1=" " ind2=" ">
    <subfield code="c">Germans</subfield>
    <subfield code="2">lcdgt</subfield>
  </datafield>
  <datafield tag="370" ind1=" " ind2=" ">
    <subfield code="a">Steele (Essen, Germany)</subfield>
    <subfield code="b">Syracuse (N.Y.)</subfield>
    <subfield code="2">naf</subfield>
  </datafield>
  <datafield tag="372" ind1=" " ind2=" ">
    <subfield code="a">Forests and forestry</subfield>
    <subfield code="a">Forest genetics</subfield>
    <subfield code="2">lcsh</subfield>
  </datafield>
  <datafield tag="373" ind1=" " ind2=" ">
    <subfield code="a">State University College of Forestry at Syracuse University</subfield>
    <subfield code="2">naf</subfield>
    <subfield code="s">1955</subfield>
    <subfield code="t">1962</subfield>
  </datafield>
  <datafield tag="374" ind1=" " ind2=" ">
    <subfield code="a">Plant geneticists</subfield>
    <subfield code="a">College teachers</subfield>
    <subfield code="2">lcsh</subfield>
  </datafield>
  <datafield tag="400" ind1="1" ind2=" ">
    <subfield code="a">Klaehn, F. U.</subfield>
    <subfield code="q">(Friedrich U.),</subfield>
    <subfield code="d">1915-1962</subfield>
  </datafield>
  <datafield tag="670" ind1=" " ind2=" ">
    <subfield code="a">Silvicultural aspects of woodlands, 1958:</subfield>
    <subfield code="b">title page (Friedrich U. Klaehn)</subfield>
  </datafield>
  <datafield tag="670" ind1=" " ind2=" ">
    <subfield code="a">Nature (January 1963):</subfield>
    <subfield code="b">page 19 (Dr. F.U. Klaehn; born October 27, 1915 in Essen-Steele, Germany; died October 21, 1962 in Syracuse, New York; appointed associate professor of sylviculture at the State University College of Forestry at Syracuse University on October 1, 1955; international authority on forest tree genetics)</subfield>
  </datafield>
  <datafield tag="670" ind1=" " ind2=" ">
    <subfield code="a">OCLC, December 18, 2019:</subfield>
    <subfield code="b">(access point: Klaehn, Friedrich U.; Klaehn, F. U.; Klaehn, Friedrich ; usage: Friedrich U. Klaehn; Friedrich Klaehn; F.U. Klaehn)</subfield>
  </datafield>
</record>