
<record>
  <leader>01056nz  a2200265n  4500</leader>
  <controlfield tag="001">11257403</controlfield>
  <controlfield tag="003">DLC</controlfield>
  <controlfield tag="005">20200103073006.0</controlfield>
  <controlfield tag="008">200102n| azaabaaan          |a ana     c</controlfield>
  <datafield tag="010" ind1=" " ind2=" ">
    <subfield code="a">no2019191669</subfield>
  </datafield>
  <datafield tag="035" ind1=" " ind2=" ">
    <subfield code="a">(OCoLC)oca12666080</subfield>
  </datafield>
  <datafield tag="040" ind1=" " ind2=" ">
    <subfield code="a">ICrlF</subfield>
    <subfield code="b">eng</subfield>
    <subfield code="e">rda</subfield>
    <subfield code="c">ICrlF</subfield>
  </datafield>
  <datafield tag="046" ind1=" " ind2=" ">
    <subfield code="k">2020</subfield>
    <subfield code="2">edtf</subfield>
  </datafield>
  <datafield tag="130" ind1=" " ind2="0">
    <subfield code="a">Junior high drama (Stone Arch Books).</subfield>
    <subfield code="l">Spanish</subfield>
  </datafield>
  <datafield tag="370" ind1=" " ind2=" ">
    <subfield code="g">North Mankato (Minn.)</subfield>
    <subfield code="2">naf</subfield>
  </datafield>
  <datafield tag="373" ind1=" " ind2=" ">
    <subfield code="a">Stone Arch Books</subfield>
    <subfield code="2">naf</subfield>
  </datafield>
  <datafield tag="377" ind1=" " ind2=" ">
    <subfield code="a">spa</subfield>
  </datafield>
  <datafield tag="430" ind1=" " ind2="0">
    <subfield code="a">Drama en la secundaria</subfield>
  </datafield>
  <datafield tag="643" ind1=" " ind2=" ">
    <subfield code="a">North Mankato, Minnesota</subfield>
    <subfield code="b">Stone Arch Books, a Capstone imprint</subfield>
  </datafield>
  <datafield tag="644" ind1=" " ind2=" ">
    <subfield code="a">f</subfield>
    <subfield code="5">ICrlF</subfield>
  </datafield>
  <datafield tag="645" ind1=" " ind2=" ">
    <subfield code="a">t</subfield>
    <subfield code="5">DPCC</subfield>
    <subfield code="5">ICrlF</subfield>
  </datafield>
  <datafield tag="646" ind1=" " ind2=" ">
    <subfield code="a">s</subfield>
    <subfield code="5">ICrlF</subfield>
  </datafield>
  <datafield tag="670" ind1=" " ind2=" ">
    <subfield code="a">Gunderson, Jessica. Desastre en el musical, 2020:</subfield>
    <subfield code="b">title page (Drama en la secundaria)</subfield>
  </datafield>
  <datafield tag="670" ind1=" " ind2=" ">
    <subfield code="a">Simonson, Louise. El gran chisme, 2020:</subfield>
    <subfield code="b">title page (Drama en la secundaria)</subfield>
  </datafield>
  <datafield tag="670" ind1=" " ind2=" ">
    <subfield code="a">Capstone Publishing website viewed Jan. 2, 2020</subfield>
    <subfield code="b">(Drama en la secundaria (Junior High Drama) ; series of 4 titles by different authors)</subfield>
    <subfield code="u">https://www.capstonepub.com/library/products/drama-en-la-secundaria/</subfield>
  </datafield>
</record>