
<record>
  <leader>01573nz  a2200193n  4500</leader>
  <controlfield tag="001">11257404</controlfield>
  <controlfield tag="003">DLC</controlfield>
  <controlfield tag="005">20200103073006.0</controlfield>
  <controlfield tag="008">200102n| azannaabn          |n aaa     c</controlfield>
  <datafield tag="010" ind1=" " ind2=" ">
    <subfield code="a">no2019191670</subfield>
  </datafield>
  <datafield tag="035" ind1=" " ind2=" ">
    <subfield code="a">(OCoLC)oca12666081</subfield>
  </datafield>
  <datafield tag="040" ind1=" " ind2=" ">
    <subfield code="a">OU</subfield>
    <subfield code="b">eng</subfield>
    <subfield code="e">rda</subfield>
    <subfield code="c">OU</subfield>
  </datafield>
  <datafield tag="046" ind1=" " ind2=" ">
    <subfield code="f">1901-05-07</subfield>
    <subfield code="g">1992-07-21</subfield>
    <subfield code="2">edtf</subfield>
  </datafield>
  <datafield tag="100" ind1="1" ind2=" ">
    <subfield code="a">Tölke, Friedrich,</subfield>
    <subfield code="d">1901-1992</subfield>
  </datafield>
  <datafield tag="370" ind1=" " ind2=" ">
    <subfield code="a">Hannover (Germany)</subfield>
    <subfield code="b">Trogir (Croatia)</subfield>
    <subfield code="c">Germany</subfield>
    <subfield code="2">naf</subfield>
  </datafield>
  <datafield tag="374" ind1=" " ind2=" ">
    <subfield code="a">Civil engineers</subfield>
    <subfield code="a">Mathematicians</subfield>
    <subfield code="a">College teachers</subfield>
    <subfield code="2">lcsh</subfield>
  </datafield>
  <datafield tag="375" ind1=" " ind2=" ">
    <subfield code="a">Males</subfield>
    <subfield code="2">lcdgt</subfield>
  </datafield>
  <datafield tag="670" ind1=" " ind2=" ">
    <subfield code="a">Praktische Funktionenlehre, 1943-:</subfield>
    <subfield code="b">title page (Friedrich Tölke)</subfield>
  </datafield>
  <datafield tag="670" ind1=" " ind2=" ">
    <subfield code="a">Wikidata via Wikipedia, January 2, 2020</subfield>
    <subfield code="b">(alias: Friedrich Tolke, Friedrich Tolke; sex or gender: male; VIAF identifier: 164250848; ISNI (P213): 0000000117169310; place of birth: Hanover; place of death: Trogir; country of citizenship: Germany; NDL identifier: 00526623; instance of: human; occupation: mathematician, university teacher, civil engineer; employer: University of Stuttgart, Technical University of Berlin, Karlsruhe Institute of Technology; date of birth: +1901-05-07T00:00:00Z; date of death: +1992-07-21T00:00:00Z; GND identifier: 1031962816; given name: Friedrich; languages spoken or published: German; NTA identifier (Netherlands): 15949625X; SUDOC authorities: 113648790; SHARE Catalogue author ID (P3987): 368084; description/label: deutscher Ingenieurwissenschaftler für Mechanik, Duits wiskundige , German civil and mechanical engineer , professor académico alemão, tysk matematikar, tysk matematiker)</subfield>
    <subfield code="u">http://www.wikidata.org/entity/Q126309</subfield>
  </datafield>
</record>