
<record>
  <leader>01832nz  a2200253n  4500</leader>
  <controlfield tag="001">11257405</controlfield>
  <controlfield tag="003">DLC</controlfield>
  <controlfield tag="005">20200103073006.0</controlfield>
  <controlfield tag="008">200102nc azannaabn          |b aaa     c</controlfield>
  <datafield tag="010" ind1=" " ind2=" ">
    <subfield code="a">no2019191674</subfield>
  </datafield>
  <datafield tag="035" ind1=" " ind2=" ">
    <subfield code="a">(OCoLC)oca12666085</subfield>
  </datafield>
  <datafield tag="040" ind1=" " ind2=" ">
    <subfield code="a">HkU</subfield>
    <subfield code="b">eng</subfield>
    <subfield code="e">rda</subfield>
    <subfield code="c">HkU</subfield>
  </datafield>
  <datafield tag="100" ind1="1" ind2=" ">
    <subfield code="a">Liang, Shuwen</subfield>
    <subfield code="c">(Professor of Chinese literature)</subfield>
  </datafield>
  <datafield tag="371" ind1=" " ind2=" ">
    <subfield code="m">leungssm@hku.hk</subfield>
  </datafield>
  <datafield tag="372" ind1=" " ind2=" ">
    <subfield code="a">Chinese literature</subfield>
    <subfield code="2">lcsh</subfield>
  </datafield>
  <datafield tag="373" ind1=" " ind2=" ">
    <subfield code="a">University of Hong Kong. School of Chinese</subfield>
    <subfield code="2">naf</subfield>
    <subfield code="s">2018</subfield>
  </datafield>
  <datafield tag="373" ind1=" " ind2=" ">
    <subfield code="a">University of Hong Kong. School of Modern Languages and Cultures</subfield>
    <subfield code="s">2018</subfield>
  </datafield>
  <datafield tag="374" ind1=" " ind2=" ">
    <subfield code="a">University and college faculty members</subfield>
    <subfield code="2">lcdgt</subfield>
  </datafield>
  <datafield tag="377" ind1=" " ind2=" ">
    <subfield code="a">chi</subfield>
    <subfield code="a">eng</subfield>
  </datafield>
  <datafield tag="400" ind1="1" ind2=" ">
    <subfield code="a">梁淑雯</subfield>
    <subfield code="c">(Professor of Chinese literature)</subfield>
  </datafield>
  <datafield tag="400" ind1="1" ind2=" ">
    <subfield code="a">Leung, Shuk Man</subfield>
    <subfield code="c">(Professor of Chinese literature)</subfield>
  </datafield>
  <datafield tag="667" ind1=" " ind2=" ">
    <subfield code="a">Non-Latin script reference not evaluated.</subfield>
  </datafield>
  <datafield tag="670" ind1=" " ind2=" ">
    <subfield code="a">Gei hai zi de Gang Tai san wen, [2019]:</subfield>
    <subfield code="b">title page (梁淑雯 = Liang Shuwen) front cover flap (Ph.D., School of Oriental and African Studies, University of London; assistant professor, School of Chinese and School of Modern Languages and Cultures, University of Hong Kong; research interests: modern Chinese literature, Hong Kong literature and mass media culture; articles published to &quot;Journal of modern literature in Chinese&quot;, &quot;Comparative literature studies&quot; and &quot;Ren min Zhongguo xue bao&quot;)</subfield>
  </datafield>
  <datafield tag="670" ind1=" " ind2=" ">
    <subfield code="a">School of Chinese, University of Hong Kong WWW site, viewed December 11, 2019</subfield>
    <subfield code="b">(梁淑雯 = Liang Shuwen; Leung Shuk Man [in rom.]; email: leungssm@hku.hk; PhD, SOAS, London, 2013; assistant professor, School of Chinese and School of Modern Languages and Cultures, 2018; research interests: late Qing and modern Chinese literature, Hong Kong literature and culture, and illness writing in contemporary Chinese fiction)</subfield>
    <subfield code="u">http://web.chinese.hku.hk/main/staff/academic-staff/dr-leung-shuk-man/</subfield>
  </datafield>
</record>