
<record>
  <leader>00722nz  a2200169n  4500</leader>
  <controlfield tag="001">11257407</controlfield>
  <controlfield tag="003">DLC</controlfield>
  <controlfield tag="005">20200103073006.0</controlfield>
  <controlfield tag="008">200102n| azannaabn          |a ana     c</controlfield>
  <datafield tag="010" ind1=" " ind2=" ">
    <subfield code="a">no2019191676</subfield>
  </datafield>
  <datafield tag="035" ind1=" " ind2=" ">
    <subfield code="a">(OCoLC)oca12666087</subfield>
  </datafield>
  <datafield tag="040" ind1=" " ind2=" ">
    <subfield code="a">NcU</subfield>
    <subfield code="b">eng</subfield>
    <subfield code="e">rda</subfield>
    <subfield code="c">NcU</subfield>
  </datafield>
  <datafield tag="110" ind1="2" ind2=" ">
    <subfield code="a">Association philatélique de l&apos;Océan Indien</subfield>
  </datafield>
  <datafield tag="371" ind1=" " ind2=" ">
    <subfield code="a">195 rue Henri Pignolet</subfield>
    <subfield code="b">La Plaine des Palmistes</subfield>
    <subfield code="c">Réunion</subfield>
    <subfield code="d">France</subfield>
    <subfield code="e">97431</subfield>
  </datafield>
  <datafield tag="410" ind1="2" ind2=" ">
    <subfield code="a">APOI</subfield>
  </datafield>
  <datafield tag="410" ind1="2" ind2=" ">
    <subfield code="a">A.P.O.I.</subfield>
  </datafield>
  <datafield tag="670" ind1=" " ind2=" ">
    <subfield code="a">Petites histoires postales des îles de la zone, 2016:</subfield>
    <subfield code="b">title page (Association philatélique de l&apos;Océan Indien; APOI) page 3 (Association Philatélique de l&apos;Océan Indien (A.P.O.I.), 195 rue Henri Pignolet, La Petite Plaine, 97431 La Plaine des Palmistes)</subfield>
  </datafield>
</record>