
<record>
  <leader>00894nz  a2200205n  4500</leader>
  <controlfield tag="001">11257408</controlfield>
  <controlfield tag="003">DLC</controlfield>
  <controlfield tag="005">20200103073006.0</controlfield>
  <controlfield tag="008">200102n| azannaabn          |a ana     c</controlfield>
  <datafield tag="010" ind1=" " ind2=" ">
    <subfield code="a">no2019191677</subfield>
  </datafield>
  <datafield tag="035" ind1=" " ind2=" ">
    <subfield code="a">(OCoLC)oca12666088</subfield>
  </datafield>
  <datafield tag="040" ind1=" " ind2=" ">
    <subfield code="a">IEN</subfield>
    <subfield code="b">eng</subfield>
    <subfield code="e">rda</subfield>
    <subfield code="c">IEN</subfield>
  </datafield>
  <datafield tag="046" ind1=" " ind2=" ">
    <subfield code="s">2017-05-11</subfield>
    <subfield code="t">2017-05-13</subfield>
    <subfield code="2">edtf</subfield>
  </datafield>
  <datafield tag="111" ind1="2" ind2=" ">
    <subfield code="a">Pope John Paul II Annual Memorial Lecture</subfield>
    <subfield code="n">(12th :</subfield>
    <subfield code="d">2017 :</subfield>
    <subfield code="c">Okpuno Awka, Nigeria)</subfield>
  </datafield>
  <datafield tag="368" ind1=" " ind2=" ">
    <subfield code="a">Congresses and conventions</subfield>
    <subfield code="2">lcsh</subfield>
  </datafield>
  <datafield tag="370" ind1=" " ind2=" ">
    <subfield code="c">Okpuno Awka (Nigeria)</subfield>
    <subfield code="2">naf</subfield>
  </datafield>
  <datafield tag="372" ind1=" " ind2=" ">
    <subfield code="a">Education--Nigeria</subfield>
    <subfield code="2">lcsh</subfield>
  </datafield>
  <datafield tag="377" ind1=" " ind2=" ">
    <subfield code="a">eng</subfield>
  </datafield>
  <datafield tag="411" ind1="2" ind2=" ">
    <subfield code="a">Pope John Paul II Memorial Lecture</subfield>
    <subfield code="n">(12th :</subfield>
    <subfield code="d">2017 :</subfield>
    <subfield code="c">Okpuno Awka, Nigeria)</subfield>
  </datafield>
  <datafield tag="670" ind1=" " ind2=" ">
    <subfield code="a">Broad-based education and the challenges of the modern world, 2017:</subfield>
    <subfield code="b">title page (12th edition of Pope John Paul II Memorial Lecture held at Pope John Paul II Major Seminary, Okpuno, Awka South, L.G.A., Anambra State, Nigeria, 11th-13th May, 2017)</subfield>
  </datafield>
</record>