
<record>
  <leader>01336nz  a2200253n  4500</leader>
  <controlfield tag="001">11257412</controlfield>
  <controlfield tag="003">DLC</controlfield>
  <controlfield tag="005">20200103073007.0</controlfield>
  <controlfield tag="008">200101nc azannaabn          |b aaa     c</controlfield>
  <datafield tag="010" ind1=" " ind2=" ">
    <subfield code="a">no2019191686</subfield>
  </datafield>
  <datafield tag="035" ind1=" " ind2=" ">
    <subfield code="a">(OCoLC)oca12666097</subfield>
  </datafield>
  <datafield tag="040" ind1=" " ind2=" ">
    <subfield code="a">HkU</subfield>
    <subfield code="b">eng</subfield>
    <subfield code="e">rda</subfield>
    <subfield code="c">HkU</subfield>
  </datafield>
  <datafield tag="100" ind1="1" ind2=" ">
    <subfield code="a">Chen, Zhixing</subfield>
    <subfield code="c">(Legal consultant)</subfield>
  </datafield>
  <datafield tag="371" ind1=" " ind2=" ">
    <subfield code="m">chenzhixing@anjielaw.com</subfield>
  </datafield>
  <datafield tag="372" ind1=" " ind2=" ">
    <subfield code="a">Intellectual property</subfield>
    <subfield code="2">lcsh</subfield>
  </datafield>
  <datafield tag="373" ind1=" " ind2=" ">
    <subfield code="a">An jie lü shi shi wu suo</subfield>
  </datafield>
  <datafield tag="373" ind1=" " ind2=" ">
    <subfield code="a">Beijing zhi shi chan quan fa yuan. Shen pan yi ting. Yan jiu shi</subfield>
    <subfield code="s">2014</subfield>
    <subfield code="t">2018</subfield>
  </datafield>
  <datafield tag="373" ind1=" " ind2=" ">
    <subfield code="a">China. Zhong ji ren min fa yuan (Beijing)</subfield>
    <subfield code="2">naf</subfield>
  </datafield>
  <datafield tag="374" ind1=" " ind2=" ">
    <subfield code="a">Legal consultants</subfield>
    <subfield code="2">lcsh</subfield>
  </datafield>
  <datafield tag="377" ind1=" " ind2=" ">
    <subfield code="a">chi</subfield>
  </datafield>
  <datafield tag="400" ind1="1" ind2=" ">
    <subfield code="a">陈志兴</subfield>
    <subfield code="c">(Legal consultant)</subfield>
  </datafield>
  <datafield tag="667" ind1=" " ind2=" ">
    <subfield code="a">Non-Latin script reference not evaluated.</subfield>
  </datafield>
  <datafield tag="670" ind1=" " ind2=" ">
    <subfield code="a">Du dong fa guan si wei, 2019:</subfield>
    <subfield code="b">title page (陈志兴 = Chen Zhixing) front cover flap (master in law, Beijing da xue; worked at Beijing Shi di yi zhong ji ren min fa yuan)</subfield>
  </datafield>
  <datafield tag="670" ind1=" " ind2=" ">
    <subfield code="a">An jie lü shi shi wu suo WWW site, viewed December 19, 2019</subfield>
    <subfield code="b">(陈志兴 = Chen Zhixing; senior consultant; LLM, Beijing da xue, 2010; judge assistant, Beijing zhi shi chan quan fa yuan shen pan yi ting yan jiu shi, 2014-2018; expertised in patents, trademark, copyright, competition and monopoly litigation; email: chenzhixing@anjielaw.com)</subfield>
    <subfield code="u">http://www.anjielaw.com/professional/727.html</subfield>
  </datafield>
</record>