
<record>
  <leader>00474nz  a2200157n  4500</leader>
  <controlfield tag="001">11257416</controlfield>
  <controlfield tag="003">DLC</controlfield>
  <controlfield tag="005">20200103073007.0</controlfield>
  <controlfield tag="008">200102n| azannaabn          |n ana     c</controlfield>
  <datafield tag="010" ind1=" " ind2=" ">
    <subfield code="a">no2019191690</subfield>
  </datafield>
  <datafield tag="035" ind1=" " ind2=" ">
    <subfield code="a">(OCoLC)oca12666101</subfield>
  </datafield>
  <datafield tag="040" ind1=" " ind2=" ">
    <subfield code="a">WaBeWWUM</subfield>
    <subfield code="b">eng</subfield>
    <subfield code="e">rda</subfield>
    <subfield code="c">WaBeWWUM</subfield>
  </datafield>
  <datafield tag="110" ind1="2" ind2=" ">
    <subfield code="a">Vassourinha (Musical group)</subfield>
  </datafield>
  <datafield tag="368" ind1=" " ind2=" ">
    <subfield code="a">Musical groups</subfield>
    <subfield code="2">lcsh</subfield>
  </datafield>
  <datafield tag="370" ind1=" " ind2=" ">
    <subfield code="c">Brazil</subfield>
    <subfield code="2">naf</subfield>
  </datafield>
  <datafield tag="670" ind1=" " ind2=" ">
    <subfield code="a">Alberto Ribeiro, João de Barro, 1970:</subfield>
    <subfield code="b">disc label (Vassourinha; c/reg.: de Benedito Lacerda)</subfield>
  </datafield>
</record>