
<record>
  <leader>00655nz  a2200157n  4500</leader>
  <controlfield tag="001">11257421</controlfield>
  <controlfield tag="003">DLC</controlfield>
  <controlfield tag="005">20200103073007.0</controlfield>
  <controlfield tag="008">200102n| azannaabn          |n ana     c</controlfield>
  <datafield tag="010" ind1=" " ind2=" ">
    <subfield code="a">no2019191697</subfield>
  </datafield>
  <datafield tag="035" ind1=" " ind2=" ">
    <subfield code="a">(OCoLC)oca12666108</subfield>
  </datafield>
  <datafield tag="040" ind1=" " ind2=" ">
    <subfield code="a">DGPO</subfield>
    <subfield code="b">eng</subfield>
    <subfield code="e">rda</subfield>
    <subfield code="c">DGPO</subfield>
  </datafield>
  <datafield tag="110" ind1="2" ind2=" ">
    <subfield code="a">Germany (Territory under Allied occupation, 1945-1955).</subfield>
    <subfield code="b">Control Council.</subfield>
    <subfield code="b">Fuel Committee</subfield>
  </datafield>
  <datafield tag="368" ind1=" " ind2=" ">
    <subfield code="a">Legislative bodies--Committees</subfield>
    <subfield code="2">lcsh</subfield>
  </datafield>
  <datafield tag="370" ind1=" " ind2=" ">
    <subfield code="c">Germany</subfield>
    <subfield code="2">naf</subfield>
  </datafield>
  <datafield tag="670" ind1=" " ind2=" ">
    <subfield code="a">Germany (Territory under Allied occupation, 1945-1955). Control Council. Fuel Committee. Monthly report no.2 (February 1946):</subfield>
    <subfield code="b">cover (prepared by technical staff, Fuel Committee, Allied Control Authority)</subfield>
  </datafield>
</record>