
<record>
  <leader>00823nz  a2200205n  4500</leader>
  <controlfield tag="001">11257427</controlfield>
  <controlfield tag="003">DLC</controlfield>
  <controlfield tag="005">20200103073007.0</controlfield>
  <controlfield tag="008">200102n| azannaabn          |n aaa     c</controlfield>
  <datafield tag="010" ind1=" " ind2=" ">
    <subfield code="a">no2019191705</subfield>
  </datafield>
  <datafield tag="016" ind1=" " ind2=" ">
    <subfield code="a">1032G1520E</subfield>
  </datafield>
  <datafield tag="035" ind1=" " ind2=" ">
    <subfield code="a">(OCoLC)oca12666116</subfield>
  </datafield>
  <datafield tag="040" ind1=" " ind2=" ">
    <subfield code="a">CaOONL</subfield>
    <subfield code="b">eng</subfield>
    <subfield code="e">rda</subfield>
    <subfield code="c">CaOONL</subfield>
  </datafield>
  <datafield tag="042" ind1=" " ind2=" ">
    <subfield code="a">nlc</subfield>
  </datafield>
  <datafield tag="100" ind1="1" ind2=" ">
    <subfield code="a">Robertson, Genevieve</subfield>
  </datafield>
  <datafield tag="371" ind1=" " ind2=" ">
    <subfield code="a">2205 Turner Street</subfield>
    <subfield code="b">Vancouver</subfield>
    <subfield code="c">BC</subfield>
    <subfield code="e">V5L 2A5</subfield>
    <subfield code="u">https://static1.squarespace.com/static/55a3e169e4b0356b591411b2/t/5e057b62167902390604330d/1577417571231/Genevieve+Robertson_CV_2019.pdf</subfield>
  </datafield>
  <datafield tag="372" ind1=" " ind2=" ">
    <subfield code="a">Art</subfield>
    <subfield code="2">lcsh</subfield>
  </datafield>
  <datafield tag="374" ind1=" " ind2=" ">
    <subfield code="a">Artists</subfield>
    <subfield code="2">lcsh</subfield>
  </datafield>
  <datafield tag="670" ind1=" " ind2=" ">
    <subfield code="a">Genevieve Robertson, 2020.</subfield>
  </datafield>
  <datafield tag="670" ind1=" " ind2=" ">
    <subfield code="a">Artist&apos;s website, viewed on January 2, 2020</subfield>
    <subfield code="b">(Genevieve Robertson; interdisciplinary artist with a background in environmental studies)</subfield>
    <subfield code="u">http://www.genevieverobertson.com/about</subfield>
  </datafield>
</record>