
<record>
  <leader>01216nz  a2200229n  4500</leader>
  <controlfield tag="001">11257429</controlfield>
  <controlfield tag="003">DLC</controlfield>
  <controlfield tag="005">20200103073007.0</controlfield>
  <controlfield tag="008">200102n| azannaabn          |b aaa     c</controlfield>
  <datafield tag="010" ind1=" " ind2=" ">
    <subfield code="a">no2019191707</subfield>
  </datafield>
  <datafield tag="035" ind1=" " ind2=" ">
    <subfield code="a">(OCoLC)oca12666118</subfield>
  </datafield>
  <datafield tag="040" ind1=" " ind2=" ">
    <subfield code="a">PPiU</subfield>
    <subfield code="b">eng</subfield>
    <subfield code="e">rda</subfield>
    <subfield code="c">PPiU</subfield>
  </datafield>
  <datafield tag="046" ind1=" " ind2=" ">
    <subfield code="f">1903-06-19</subfield>
    <subfield code="g">1939-07-23</subfield>
    <subfield code="2">edtf</subfield>
  </datafield>
  <datafield tag="100" ind1="1" ind2=" ">
    <subfield code="a">Barskai︠a︡, Margarita,</subfield>
    <subfield code="d">1903-1939</subfield>
  </datafield>
  <datafield tag="370" ind1=" " ind2=" ">
    <subfield code="a">Baku (Azerbaijan)</subfield>
    <subfield code="b">Moscow (Russia)</subfield>
    <subfield code="2">naf</subfield>
  </datafield>
  <datafield tag="374" ind1=" " ind2=" ">
    <subfield code="a">Motion picture actors and actresses</subfield>
    <subfield code="a">Motion picture producers and directors</subfield>
    <subfield code="a">Screenwriters</subfield>
    <subfield code="2">lcsh</subfield>
  </datafield>
  <datafield tag="375" ind1=" " ind2=" ">
    <subfield code="a">female</subfield>
  </datafield>
  <datafield tag="378" ind1=" " ind2=" ">
    <subfield code="q">Margarita Aleksandrovna</subfield>
  </datafield>
  <datafield tag="400" ind1="1" ind2=" ">
    <subfield code="a">Барская, Маргарита,</subfield>
    <subfield code="d">1903-1939</subfield>
  </datafield>
  <datafield tag="667" ind1=" " ind2=" ">
    <subfield code="a">Non-Latin script reference not evaluated.</subfield>
  </datafield>
  <datafield tag="670" ind1=" " ind2=" ">
    <subfield code="a">Miloserdova, Natalʹi︠a︡. Barskai︠a︡, 2019:</subfield>
    <subfield code="b">title page verso (Маргарита Барская = Margarita Barskai︠a︡; 1903-1939)</subfield>
  </datafield>
  <datafield tag="670" ind1=" " ind2=" ">
    <subfield code="a">Russian Wikipedia, January 2, 2020</subfield>
    <subfield code="b">(Барская, Маргарита Александровна = Barskai︠a︡, Margarita Aleksandrovna; born 19 June 1903, in Baku; died 23 July 1939, in Moscow; Soviet actress, film director, and screenwriter)</subfield>
    <subfield code="u">https://ru.wikipedia.org/wiki/Барская,_Маргарита_Александровна</subfield>
  </datafield>
</record>