
<record>
  <leader>00844nz  a2200193n  4500</leader>
  <controlfield tag="001">11257432</controlfield>
  <controlfield tag="003">DLC</controlfield>
  <controlfield tag="005">20200103073007.0</controlfield>
  <controlfield tag="008">200102n| azannaabn          |n aaa     c</controlfield>
  <datafield tag="010" ind1=" " ind2=" ">
    <subfield code="a">no2019191710</subfield>
  </datafield>
  <datafield tag="016" ind1=" " ind2=" ">
    <subfield code="a">1032K1536E</subfield>
  </datafield>
  <datafield tag="035" ind1=" " ind2=" ">
    <subfield code="a">(OCoLC)oca12666121</subfield>
  </datafield>
  <datafield tag="040" ind1=" " ind2=" ">
    <subfield code="a">CaOONL</subfield>
    <subfield code="b">eng</subfield>
    <subfield code="e">rda</subfield>
    <subfield code="c">CaOONL</subfield>
  </datafield>
  <datafield tag="042" ind1=" " ind2=" ">
    <subfield code="a">nlc</subfield>
  </datafield>
  <datafield tag="100" ind1="1" ind2=" ">
    <subfield code="a">Katz, Mark</subfield>
    <subfield code="q">(Mark C.)</subfield>
  </datafield>
  <datafield tag="373" ind1=" " ind2=" ">
    <subfield code="a">Davies Ward Phillips &amp; Vineberg LLP</subfield>
  </datafield>
  <datafield tag="377" ind1=" " ind2=" ">
    <subfield code="a">eng</subfield>
  </datafield>
  <datafield tag="670" ind1=" " ind2=" ">
    <subfield code="a">The competition law guide for trade associations in Canada, 2012:</subfield>
    <subfield code="b">title page (Mark Katz, Davies Ward Phillips &amp; Vineberg LLP)</subfield>
  </datafield>
  <datafield tag="670" ind1=" " ind2=" ">
    <subfield code="a">Davies Ward Phillips &amp; Vineberg website, viewed on January 2, 2020</subfield>
    <subfield code="b">(Mark C. Katz, partner; expertise: competition, antitrust &amp; foreign investment, investigations &amp; white collar defence, advertising, marketing &amp; distribution, retail)</subfield>
    <subfield code="u">https://www.dwpv.com/en/people/mark-c-katz</subfield>
  </datafield>
</record>