
<record>
  <leader>01276nz  a2200253n  4500</leader>
  <controlfield tag="001">11257433</controlfield>
  <controlfield tag="003">DLC</controlfield>
  <controlfield tag="005">20200103073008.0</controlfield>
  <controlfield tag="008">200102nc azannaabn          |b aaa     c</controlfield>
  <datafield tag="010" ind1=" " ind2=" ">
    <subfield code="a">no2019191714</subfield>
  </datafield>
  <datafield tag="035" ind1=" " ind2=" ">
    <subfield code="a">(OCoLC)oca12666125</subfield>
  </datafield>
  <datafield tag="040" ind1=" " ind2=" ">
    <subfield code="a">HkU</subfield>
    <subfield code="b">eng</subfield>
    <subfield code="e">rda</subfield>
    <subfield code="c">HkU</subfield>
  </datafield>
  <datafield tag="046" ind1=" " ind2=" ">
    <subfield code="f">1987-03</subfield>
    <subfield code="2">edtf</subfield>
  </datafield>
  <datafield tag="100" ind1="1" ind2=" ">
    <subfield code="a">Liu, Dan,</subfield>
    <subfield code="d">1987-</subfield>
  </datafield>
  <datafield tag="370" ind1=" " ind2=" ">
    <subfield code="a">Xinyu Shi (China)</subfield>
    <subfield code="2">naf</subfield>
  </datafield>
  <datafield tag="371" ind1=" " ind2=" ">
    <subfield code="m">liudan1987@njau.edu.cn</subfield>
  </datafield>
  <datafield tag="372" ind1=" " ind2=" ">
    <subfield code="a">Agriculture--Finance</subfield>
    <subfield code="2">lcsh</subfield>
  </datafield>
  <datafield tag="373" ind1=" " ind2=" ">
    <subfield code="a">Nanjing da xue</subfield>
    <subfield code="a">Nanjing nong ye da xue</subfield>
    <subfield code="2">naf</subfield>
  </datafield>
  <datafield tag="374" ind1=" " ind2=" ">
    <subfield code="a">University and college faculty members</subfield>
    <subfield code="2">lcdgt</subfield>
  </datafield>
  <datafield tag="377" ind1=" " ind2=" ">
    <subfield code="a">chi</subfield>
  </datafield>
  <datafield tag="400" ind1="1" ind2=" ">
    <subfield code="a">刘丹,</subfield>
    <subfield code="d">1987-</subfield>
  </datafield>
  <datafield tag="667" ind1=" " ind2=" ">
    <subfield code="a">Non-Latin script reference not evaluated.</subfield>
  </datafield>
  <datafield tag="670" ind1=" " ind2=" ">
    <subfield code="a">Nong hu shi jiao xia de Zhongguo nong cun er yuan jin rong jie gou yan jiu, 2019:</subfield>
    <subfield code="b">title page (刘丹 = Liu Dan) front cover flap (born in 1987; native of Jiangxi Xinyu; postdoctoral fellow in applied economics, Nanjing da xue; master degree tutor and associate professor, Nanjing nong ye da xue)</subfield>
  </datafield>
  <datafield tag="670" ind1=" " ind2=" ">
    <subfield code="a">Nanjing nong ye da xue jin rong xue yuan WWW site, viewed December 23, 2019</subfield>
    <subfield code="b">(刘丹 = Liu Dan; born in March 1987; native of Jiangxi Xinyu; associate professor; research area: rural finance; email: liudan1987@njau.edu.cn)</subfield>
    <subfield code="u">https://www.pj-jx.com/financenjaupj-jxcom/Html/info10453716.htm</subfield>
  </datafield>
</record>