
<record>
  <leader>01187nz  a2200205n  4500</leader>
  <controlfield tag="001">11257437</controlfield>
  <controlfield tag="003">DLC</controlfield>
  <controlfield tag="005">20200103073008.0</controlfield>
  <controlfield tag="008">200102n| azannaabn          |n aaa     c</controlfield>
  <datafield tag="010" ind1=" " ind2=" ">
    <subfield code="a">no2019191718</subfield>
  </datafield>
  <datafield tag="035" ind1=" " ind2=" ">
    <subfield code="a">(OCoLC)oca12666129</subfield>
  </datafield>
  <datafield tag="040" ind1=" " ind2=" ">
    <subfield code="a">IAhCCS</subfield>
    <subfield code="b">eng</subfield>
    <subfield code="e">rda</subfield>
    <subfield code="c">IAhCCS</subfield>
  </datafield>
  <datafield tag="100" ind1="1" ind2=" ">
    <subfield code="a">Bryant, Wes J.</subfield>
  </datafield>
  <datafield tag="370" ind1=" " ind2=" ">
    <subfield code="e">North Carolina</subfield>
    <subfield code="2">naf</subfield>
  </datafield>
  <datafield tag="372" ind1=" " ind2=" ">
    <subfield code="a">Terrorism</subfield>
    <subfield code="a">IS (Organization)</subfield>
    <subfield code="a">Martial arts</subfield>
    <subfield code="2">lcsh</subfield>
  </datafield>
  <datafield tag="374" ind1=" " ind2=" ">
    <subfield code="a">Retired military personnel</subfield>
    <subfield code="a">Authors</subfield>
    <subfield code="2">lcsh</subfield>
  </datafield>
  <datafield tag="375" ind1=" " ind2=" ">
    <subfield code="a">males</subfield>
    <subfield code="2">lcdgt</subfield>
  </datafield>
  <datafield tag="377" ind1=" " ind2=" ">
    <subfield code="a">eng</subfield>
  </datafield>
  <datafield tag="670" ind1=" " ind2=" ">
    <subfield code="a">Pittard, Dana, J. H. Hunting the Caliphate, 2019:</subfield>
    <subfield code="b">title page (Dana J.H. Pittard and Wes J. Bryant)</subfield>
  </datafield>
  <datafield tag="670" ind1=" " ind2=" ">
    <subfield code="a">Amazon.com, viewed Jan. 2, 2020</subfield>
    <subfield code="b">about the author (Wes J. Bryant retired from the U.S. Air Force in 2018 at the rank of Master Sergeant after twenty years of active duty service. Embedded with Special Forces teams under a Navy SEAL task force, Wes was the tactical lead for a contingent of special operations JTACs to first set foot in Iraq to stop ISIS.  Wes earned a bachelor&apos;s in Asian Studies from the University of Maryland University College. He&apos;s been a lifelong writer, amateur philosopher, and an avid student of the martial arts.  Lives in North Carolina)</subfield>
  </datafield>
</record>