
<record>
  <leader>00615nz  a2200157n  4500</leader>
  <controlfield tag="001">11257441</controlfield>
  <controlfield tag="003">DLC</controlfield>
  <controlfield tag="005">20200103073008.0</controlfield>
  <controlfield tag="008">200102n| azannaabn          |n aaa     c</controlfield>
  <datafield tag="010" ind1=" " ind2=" ">
    <subfield code="a">no2019191725</subfield>
  </datafield>
  <datafield tag="035" ind1=" " ind2=" ">
    <subfield code="a">(OCoLC)oca12666136</subfield>
  </datafield>
  <datafield tag="040" ind1=" " ind2=" ">
    <subfield code="a">NRU-Mus</subfield>
    <subfield code="b">eng</subfield>
    <subfield code="e">rda</subfield>
    <subfield code="c">NRU-Mus</subfield>
  </datafield>
  <datafield tag="100" ind1="1" ind2=" ">
    <subfield code="a">Schnoor, Camille</subfield>
  </datafield>
  <datafield tag="370" ind1=" " ind2=" ">
    <subfield code="a">Nice (France)</subfield>
    <subfield code="2">naf</subfield>
  </datafield>
  <datafield tag="374" ind1=" " ind2=" ">
    <subfield code="a">Sopranos (Singers)</subfield>
    <subfield code="a">Pianists</subfield>
    <subfield code="2">lcsh</subfield>
  </datafield>
  <datafield tag="670" ind1=" " ind2=" ">
    <subfield code="a">Kálmán, Emmerich. Die Faschingsfee, 2019:</subfield>
    <subfield code="b">disc label (Camille Schnoor) notes (studied concert piano at the Conservatoire National Supérieur de Musique de Paris ; studied voice at the Conservatoire Maurice Ravel in Paris)</subfield>
  </datafield>
</record>