
<record>
  <leader>01407nz  a2200205n  4500</leader>
  <controlfield tag="001">11257442</controlfield>
  <controlfield tag="003">DLC</controlfield>
  <controlfield tag="005">20200103073008.0</controlfield>
  <controlfield tag="008">200102n| azannaabn          |b ana     c</controlfield>
  <datafield tag="010" ind1=" " ind2=" ">
    <subfield code="a">no2019191726</subfield>
  </datafield>
  <datafield tag="035" ind1=" " ind2=" ">
    <subfield code="a">(OCoLC)oca12666137</subfield>
  </datafield>
  <datafield tag="040" ind1=" " ind2=" ">
    <subfield code="a">InU</subfield>
    <subfield code="b">eng</subfield>
    <subfield code="e">rda</subfield>
    <subfield code="c">InU</subfield>
  </datafield>
  <datafield tag="110" ind1="2" ind2=" ">
    <subfield code="a">Ti︠u︡menskiĭ gosudarstvennyĭ arkhitekturno-stroitelʹnyĭ universitet.</subfield>
    <subfield code="b">Kafedra gosudarstvennogo i munit︠s︡ipalʹnogo upravlenii︠a︡ i prava</subfield>
  </datafield>
  <datafield tag="368" ind1=" " ind2=" ">
    <subfield code="a">Universities and colleges--Departments</subfield>
    <subfield code="2">lcsh</subfield>
  </datafield>
  <datafield tag="370" ind1=" " ind2=" ">
    <subfield code="e">Ti︠u︡menʹ (Russia)</subfield>
    <subfield code="2">naf</subfield>
  </datafield>
  <datafield tag="377" ind1=" " ind2=" ">
    <subfield code="a">rus</subfield>
  </datafield>
  <datafield tag="410" ind1="2" ind2=" ">
    <subfield code="a">Тюменский государственный архитектурно-строительный университет.</subfield>
    <subfield code="b">Кафедра государственного и муниципального управления и права</subfield>
  </datafield>
  <datafield tag="510" ind1="2" ind2=" ">
    <subfield code="w">r</subfield>
    <subfield code="i">Hierarchical superior:</subfield>
    <subfield code="a">Ti︠u︡menskiĭ gosudarstvennyĭ arkhitekturno-stroitelʹnyĭ universitet.</subfield>
    <subfield code="b">Institut munit︠s︡ipalʹnogo upravlenii︠a︡ i servisa</subfield>
  </datafield>
  <datafield tag="667" ind1=" " ind2=" ">
    <subfield code="a">Non-Latin script reference not evaluated.</subfield>
  </datafield>
  <datafield tag="670" ind1=" " ind2=" ">
    <subfield code="a">Khramt︠s︡ov, A. B. Vlastʹ i obshchestvo v gorodakh Tobolʹskoĭ gubernii kont︠s︡a XIX-nachala XX veka, 2010:</subfield>
    <subfield code="b">title page (Ti︠u︡menskiĭ gosudarstvennyĭ arkhitekturno-stroitelʹnyĭ universitet, Institut munit︠s︡ipalʹnogo upravlenii︠a︡ i servisa, Kafedra gosudarstvennogo i munit︠s︡ipalʹnogo upravlenii︠a︡ i prava)</subfield>
  </datafield>
</record>