
<record>
  <leader>01465nz  a2200169n  4500</leader>
  <controlfield tag="001">11257446</controlfield>
  <controlfield tag="003">DLC</controlfield>
  <controlfield tag="005">20200103073008.0</controlfield>
  <controlfield tag="008">200102n| azannaabn          |n aaa     c</controlfield>
  <datafield tag="010" ind1=" " ind2=" ">
    <subfield code="a">no2019191730</subfield>
  </datafield>
  <datafield tag="035" ind1=" " ind2=" ">
    <subfield code="a">(OCoLC)oca12666141</subfield>
  </datafield>
  <datafield tag="040" ind1=" " ind2=" ">
    <subfield code="a">UPB</subfield>
    <subfield code="b">eng</subfield>
    <subfield code="e">rda</subfield>
    <subfield code="c">UPB</subfield>
  </datafield>
  <datafield tag="046" ind1=" " ind2=" ">
    <subfield code="k">1972</subfield>
    <subfield code="2">edtf</subfield>
  </datafield>
  <datafield tag="100" ind1="1" ind2=" ">
    <subfield code="a">Clarke, Arthur C.</subfield>
    <subfield code="q">(Arthur Charles),</subfield>
    <subfield code="d">1917-2008.</subfield>
    <subfield code="t">Lost worlds of 2001</subfield>
  </datafield>
  <datafield tag="670" ind1=" " ind2=" ">
    <subfield code="a">Space opera (Fanzine). No 2. Space opera, 1980:</subfield>
    <subfield code="b">contents (El cetro de esmeraldas / Carlos Saiz Cidoncha -- Una mujer y un simio / Xabier y Juan José Aroz -- Recordando / Juan Gascón -- Primer contacto / Fdo. P. Fuenteamor -- Documentos SF / cartografía de los Mundos Fantásticos -- Sequencias SF / selección de Fidel Urcelay -- Entrevista / Carlos S. Cidoncha -- Fanzines -- Los mundos perdidos de 2.001 (capit́tulos 3, 4, 5, 6 y 7) = The lost worlds of 2.001 / Arthur C. Clarke ; traducción de: Miguel A. Martínez -- Horror tropical = A tropical horror / William H. Hodgson ; traducción de: Miguel A. Martínez -- Deposito de semillas = The seed stock / Frank Herbert ; traducción de: Miguel A. Martínez -- Portofolio / Antonio J. Morata)</subfield>
  </datafield>
  <datafield tag="670" ind1=" " ind2=" ">
    <subfield code="a">Internet speculative fiction database, 2 January 2020</subfield>
    <subfield code="b">(The lost worlds of 2001; collection first published in 1972)</subfield>
  </datafield>
  <datafield tag="678" ind1=" " ind2=" ">
    <subfield code="a">Synopsis from ISFDB: The story of the making of the novel with most of the book containing work discarded or changed, and to a lesser extent of the movie, &quot;2001: A Space Odyssey.&quot;</subfield>
  </datafield>
</record>