
<record>
  <leader>00928nz  a2200229n  4500</leader>
  <controlfield tag="001">11257449</controlfield>
  <controlfield tag="003">DLC</controlfield>
  <controlfield tag="005">20200103073008.0</controlfield>
  <controlfield tag="008">200102nc azannaabn          |b aaa     c</controlfield>
  <datafield tag="010" ind1=" " ind2=" ">
    <subfield code="a">no2019191735</subfield>
  </datafield>
  <datafield tag="035" ind1=" " ind2=" ">
    <subfield code="a">(OCoLC)oca12666146</subfield>
  </datafield>
  <datafield tag="040" ind1=" " ind2=" ">
    <subfield code="a">HkU</subfield>
    <subfield code="b">eng</subfield>
    <subfield code="e">rda</subfield>
    <subfield code="c">HkU</subfield>
  </datafield>
  <datafield tag="100" ind1="1" ind2=" ">
    <subfield code="a">Song, Jun</subfield>
    <subfield code="c">(Archivist)</subfield>
  </datafield>
  <datafield tag="370" ind1=" " ind2=" ">
    <subfield code="f">Xiajin Xian (China)</subfield>
    <subfield code="2">naf</subfield>
  </datafield>
  <datafield tag="372" ind1=" " ind2=" ">
    <subfield code="a">Ju Xian (China)</subfield>
    <subfield code="a">Archives</subfield>
    <subfield code="2">lcsh</subfield>
  </datafield>
  <datafield tag="373" ind1=" " ind2=" ">
    <subfield code="a">Ju Xian (China). Dang an ju</subfield>
  </datafield>
  <datafield tag="374" ind1=" " ind2=" ">
    <subfield code="a">Archivists</subfield>
    <subfield code="2">lcdgt</subfield>
  </datafield>
  <datafield tag="375" ind1=" " ind2=" ">
    <subfield code="a">Females</subfield>
    <subfield code="2">lcdgt</subfield>
  </datafield>
  <datafield tag="377" ind1=" " ind2=" ">
    <subfield code="a">chi</subfield>
  </datafield>
  <datafield tag="400" ind1="1" ind2=" ">
    <subfield code="a">宋君</subfield>
    <subfield code="c">(Archivist)</subfield>
  </datafield>
  <datafield tag="667" ind1=" " ind2=" ">
    <subfield code="a">Non-Latin script reference not evaluated.</subfield>
  </datafield>
  <datafield tag="670" ind1=" " ind2=" ">
    <subfield code="a">Ju Xian zhi qing, 2018:</subfield>
    <subfield code="b">title page (宋君 = Song Jun) front cover flap (Song Jun; native of Shandong Xiajin; associate researcher; editor of &quot;Xian zheng fu da shi ji&quot;, &quot;Ju Xian jian guo qian ji gou gai ge&quot;, &quot;Ju Xian jing ji zong he zhi biao hui bian&quot; ... etc.) page 563 (deputy branch director, Ju Xian dang an ju)</subfield>
  </datafield>
</record>