
<record>
  <leader>00881nz  a2200193n  4500</leader>
  <controlfield tag="001">11257450</controlfield>
  <controlfield tag="003">DLC</controlfield>
  <controlfield tag="005">20200103073008.0</controlfield>
  <controlfield tag="008">200102n| azannaabn          |b aaa     c</controlfield>
  <datafield tag="010" ind1=" " ind2=" ">
    <subfield code="a">no2019191736</subfield>
  </datafield>
  <datafield tag="035" ind1=" " ind2=" ">
    <subfield code="a">(OCoLC)oca12666147</subfield>
  </datafield>
  <datafield tag="040" ind1=" " ind2=" ">
    <subfield code="a">NNC-EA</subfield>
    <subfield code="b">eng</subfield>
    <subfield code="e">rda</subfield>
    <subfield code="c">NNC</subfield>
  </datafield>
  <datafield tag="046" ind1=" " ind2=" ">
    <subfield code="f">1907-02-17</subfield>
    <subfield code="g">1981-10-01</subfield>
    <subfield code="2">edtf</subfield>
  </datafield>
  <datafield tag="100" ind1="1" ind2=" ">
    <subfield code="a">Okuyama, Gihachirō,</subfield>
    <subfield code="d">1907-1981</subfield>
  </datafield>
  <datafield tag="370" ind1=" " ind2=" ">
    <subfield code="a">Sagae-shi (Japan)</subfield>
    <subfield code="2">naf</subfield>
  </datafield>
  <datafield tag="400" ind1="1" ind2=" ">
    <subfield code="a">奥山儀八郎,</subfield>
    <subfield code="d">1907-1981</subfield>
  </datafield>
  <datafield tag="667" ind1=" " ind2=" ">
    <subfield code="a">Non-Latin script reference not evaluated</subfield>
  </datafield>
  <datafield tag="670" ind1=" " ind2=" ">
    <subfield code="a">Matsudo-shi Kyōiku Inkai shozō, sakuhin mokuroku, 2014:</subfield>
    <subfield code="b">t.p. (奥山儀八郎 = Okuyama Gihachirō; Gihachiro Okuyama [in rom.]) p. 207 (b. Feb. 17, 1907, Sagae-chō, Nishimurayama-gun, Yamagata-ken; d. Oct. 1, 1981; withdrew from Keiō Gijuku Shōgyō Gakkō, 1922)</subfield>
  </datafield>
  <datafield tag="670" ind1=" " ind2=" ">
    <subfield code="a">LC database, Jan. 2, 2020</subfield>
    <subfield code="b">(access point: Okuyama, Gihachirō, 1907- )</subfield>
  </datafield>
</record>