
<record>
  <leader>00817nz  a2200205n  4500</leader>
  <controlfield tag="001">11257451</controlfield>
  <controlfield tag="003">DLC</controlfield>
  <controlfield tag="005">20200103073008.0</controlfield>
  <controlfield tag="008">200102n| azannaabn          |a aaa     c</controlfield>
  <datafield tag="010" ind1=" " ind2=" ">
    <subfield code="a">no2019191737</subfield>
  </datafield>
  <datafield tag="035" ind1=" " ind2=" ">
    <subfield code="a">(OCoLC)oca12666148</subfield>
  </datafield>
  <datafield tag="040" ind1=" " ind2=" ">
    <subfield code="a">NNC-EA</subfield>
    <subfield code="b">eng</subfield>
    <subfield code="e">rda</subfield>
    <subfield code="c">NNC</subfield>
  </datafield>
  <datafield tag="100" ind1="1" ind2=" ">
    <subfield code="a">Nakabe, Yoshitaka,</subfield>
    <subfield code="d">1960-2016.</subfield>
    <subfield code="t">Essays.</subfield>
    <subfield code="k">Selections</subfield>
  </datafield>
  <datafield tag="370" ind1=" " ind2=" ">
    <subfield code="g">Nara-shi (Japan)</subfield>
    <subfield code="2">naf</subfield>
    <subfield code="v">Kinsei kaiga kenkyū, 2018</subfield>
  </datafield>
  <datafield tag="380" ind1=" " ind2=" ">
    <subfield code="a">Essays</subfield>
    <subfield code="2">lcsh</subfield>
  </datafield>
  <datafield tag="380" ind1=" " ind2=" ">
    <subfield code="a">Essays</subfield>
    <subfield code="2">lcgft</subfield>
  </datafield>
  <datafield tag="381" ind1=" " ind2=" ">
    <subfield code="a">Selections</subfield>
  </datafield>
  <datafield tag="381" ind1=" " ind2=" ">
    <subfield code="a">Yamato Bunkakan</subfield>
    <subfield code="2">naf</subfield>
    <subfield code="v">Kinsei kaiga kenkyū, 2018</subfield>
  </datafield>
  <datafield tag="400" ind1="1" ind2=" ">
    <subfield code="a">Nakabe, Yoshitaka,</subfield>
    <subfield code="d">1960-2016.</subfield>
    <subfield code="t">Kinsei kaiga kenkyū</subfield>
  </datafield>
  <datafield tag="670" ind1=" " ind2=" ">
    <subfield code="a">Kinsei kaiga kenkyū, 2018:</subfield>
    <subfield code="b">t.p. (近世絵画研究 : 大和文華館所蔵品を中心に / 中部義隆 = Kinsei kaiga kenkyū : Yamato Bunkakan shozōhin o chūshin ni / Nakabe Yoshitaka)</subfield>
  </datafield>
</record>