
<record>
  <leader>00817nz  a2200205n  4500</leader>
  <controlfield tag="001">11257454</controlfield>
  <controlfield tag="003">DLC</controlfield>
  <controlfield tag="005">20200103073008.0</controlfield>
  <controlfield tag="008">200102n| azannaabn          |a aaa     c</controlfield>
  <datafield tag="010" ind1=" " ind2=" ">
    <subfield code="a">no2019191740</subfield>
  </datafield>
  <datafield tag="035" ind1=" " ind2=" ">
    <subfield code="a">(OCoLC)oca12666151</subfield>
  </datafield>
  <datafield tag="040" ind1=" " ind2=" ">
    <subfield code="a">MoSU</subfield>
    <subfield code="b">eng</subfield>
    <subfield code="e">rda</subfield>
    <subfield code="c">MoSU</subfield>
  </datafield>
  <datafield tag="046" ind1=" " ind2=" ">
    <subfield code="k">1993</subfield>
  </datafield>
  <datafield tag="100" ind1="1" ind2=" ">
    <subfield code="a">Peckham, John,</subfield>
    <subfield code="d">-1292.</subfield>
    <subfield code="t">De aeternitate mundi.</subfield>
    <subfield code="l">English</subfield>
    <subfield code="s">(Potter)</subfield>
  </datafield>
  <datafield tag="377" ind1=" " ind2=" ">
    <subfield code="a">eng</subfield>
  </datafield>
  <datafield tag="381" ind1=" " ind2=" ">
    <subfield code="a">Potter</subfield>
  </datafield>
  <datafield tag="400" ind1="1" ind2=" ">
    <subfield code="a">Peckham, John,</subfield>
    <subfield code="d">-1292.</subfield>
    <subfield code="t">Questions concerning the eternity of the world</subfield>
  </datafield>
  <datafield tag="500" ind1="1" ind2=" ">
    <subfield code="w">r</subfield>
    <subfield code="i">Translator:</subfield>
    <subfield code="a">Potter, Vincent G.</subfield>
  </datafield>
  <datafield tag="670" ind1=" " ind2=" ">
    <subfield code="a">Peckham, John. Questions concerning the eternity of the world, 1993:</subfield>
    <subfield code="b">title page (Questions concerning the eternity of the world ; translated by Vincent G. Potter, S.J.)</subfield>
  </datafield>
  <datafield tag="670" ind1=" " ind2=" ">
    <subfield code="a">LC/NACO authority file, January 2, 2020</subfield>
    <subfield code="b">(Peckham, John, -1292. De aeternitate mundi)</subfield>
  </datafield>
</record>