
<record>
  <leader>01764nz  a2200265n  4500</leader>
  <controlfield tag="001">11257459</controlfield>
  <controlfield tag="003">DLC</controlfield>
  <controlfield tag="005">20200103073009.0</controlfield>
  <controlfield tag="008">200102n| azannaabn          |n aaa     c</controlfield>
  <datafield tag="010" ind1=" " ind2=" ">
    <subfield code="a">no2020000005</subfield>
  </datafield>
  <datafield tag="035" ind1=" " ind2=" ">
    <subfield code="a">(OCoLC)oca12667546</subfield>
  </datafield>
  <datafield tag="040" ind1=" " ind2=" ">
    <subfield code="a">NcU</subfield>
    <subfield code="b">eng</subfield>
    <subfield code="e">rda</subfield>
    <subfield code="c">NcU</subfield>
  </datafield>
  <datafield tag="046" ind1=" " ind2=" ">
    <subfield code="f">1983</subfield>
    <subfield code="2">edtf</subfield>
  </datafield>
  <datafield tag="100" ind1="1" ind2=" ">
    <subfield code="a">Mesanza, Araiz,</subfield>
    <subfield code="d">1983-</subfield>
  </datafield>
  <datafield tag="370" ind1=" " ind2=" ">
    <subfield code="a">Vitoria (Spain)</subfield>
    <subfield code="c">Spain</subfield>
    <subfield code="2">naf</subfield>
  </datafield>
  <datafield tag="370" ind1=" " ind2=" ">
    <subfield code="e">Oslo (Norway)</subfield>
    <subfield code="s">2016</subfield>
    <subfield code="2">naf</subfield>
  </datafield>
  <datafield tag="371" ind1=" " ind2=" ">
    <subfield code="m">araizmesanza@gmail.com</subfield>
  </datafield>
  <datafield tag="373" ind1=" " ind2=" ">
    <subfield code="a">Ediciones Armadillo</subfield>
  </datafield>
  <datafield tag="374" ind1=" " ind2=" ">
    <subfield code="a">Artists</subfield>
    <subfield code="a">Illustrators</subfield>
    <subfield code="2">lcsh</subfield>
  </datafield>
  <datafield tag="377" ind1=" " ind2=" ">
    <subfield code="a">eng</subfield>
    <subfield code="a">spa</subfield>
    <subfield code="a">baq</subfield>
  </datafield>
  <datafield tag="378" ind1=" " ind2=" ">
    <subfield code="q">Araiz Mesanza Iturritxa</subfield>
  </datafield>
  <datafield tag="670" ind1=" " ind2=" ">
    <subfield code="a">Mesanza, Araiz. Emptiness, 2015:</subfield>
    <subfield code="b">title page (Araiz Mesanza)</subfield>
  </datafield>
  <datafield tag="670" ind1=" " ind2=" ">
    <subfield code="a">Ediciones Armadillo  WWW page 2 January, 2019:</subfield>
    <subfield code="b">Ediciones Armadillo (a mini-publisher that consists of four graphic artist friends, Araiz, Erling, Irati and Juan; Araiz Mesanza)</subfield>
  </datafield>
  <datafield tag="670" ind1=" " ind2=" ">
    <subfield code="a">Instagram WWW page 2 January, 2019:</subfield>
    <subfield code="b">Araiz Mesanza (illustrator, artist, Oslo based; araizmesanza@gmail.com)</subfield>
  </datafield>
  <datafield tag="670" ind1=" " ind2=" ">
    <subfield code="a">Tavakalera International Centre for Contemporary Culture WWW page 2 January, 2019:</subfield>
    <subfield code="b">Araiz Mesanza (b. 1983, Vitoria-Gasteiz; artist and illustrator with degree in fine arts from the University of the Basque Country and specialized in illustration at the Escola Massana in Barcelona; has worked as an illustrator since 2009; in 2011 co-founded Ediciones Armadillo, a collective of artist focusing on self-publishing which publishes an annual collaborative fanzine of comics and illustration in addition to several other publications; in autumn 2016 she moved to Oslo Norway where she has continued to work as an illustrator and artist; her personal work has focused on exploring her relationship with her new environment through drawings, paintings, and installations)</subfield>
  </datafield>
</record>