
<record>
  <leader>00395nz  a2200133n  4500</leader>
  <controlfield tag="001">11257461</controlfield>
  <controlfield tag="003">DLC</controlfield>
  <controlfield tag="005">20200103073009.0</controlfield>
  <controlfield tag="008">200102n| azannaabn          |n aaa     c</controlfield>
  <datafield tag="010" ind1=" " ind2=" ">
    <subfield code="a">no2020000007</subfield>
  </datafield>
  <datafield tag="035" ind1=" " ind2=" ">
    <subfield code="a">(OCoLC)oca12667548</subfield>
  </datafield>
  <datafield tag="040" ind1=" " ind2=" ">
    <subfield code="a">IEN</subfield>
    <subfield code="b">eng</subfield>
    <subfield code="e">rda</subfield>
    <subfield code="c">IEN</subfield>
  </datafield>
  <datafield tag="100" ind1="1" ind2=" ">
    <subfield code="a">Triastuti, Endah</subfield>
  </datafield>
  <datafield tag="670" ind1=" " ind2=" ">
    <subfield code="a">Kajian dampak penggunaan media sosial bagi anak dan remaja, 2017:</subfield>
    <subfield code="b">title page verso (Endah Triastuti)</subfield>
  </datafield>
</record>