
<record>
  <leader>01092nz  a2200241n  4500</leader>
  <controlfield tag="001">11257467</controlfield>
  <controlfield tag="003">DLC</controlfield>
  <controlfield tag="005">20200103073009.0</controlfield>
  <controlfield tag="008">200102nc azannaabn          |b aaa     c</controlfield>
  <datafield tag="010" ind1=" " ind2=" ">
    <subfield code="a">no2020000013</subfield>
  </datafield>
  <datafield tag="035" ind1=" " ind2=" ">
    <subfield code="a">(OCoLC)oca12667554</subfield>
  </datafield>
  <datafield tag="040" ind1=" " ind2=" ">
    <subfield code="a">HkU</subfield>
    <subfield code="b">eng</subfield>
    <subfield code="e">rda</subfield>
    <subfield code="c">HkU</subfield>
  </datafield>
  <datafield tag="046" ind1=" " ind2=" ">
    <subfield code="f">1974</subfield>
    <subfield code="2">edtf</subfield>
  </datafield>
  <datafield tag="100" ind1="1" ind2=" ">
    <subfield code="a">Yang, Wanling,</subfield>
    <subfield code="d">1974-</subfield>
  </datafield>
  <datafield tag="371" ind1=" " ind2=" ">
    <subfield code="m">yangwanling@prfri.ac.cn</subfield>
  </datafield>
  <datafield tag="372" ind1=" " ind2=" ">
    <subfield code="a">Fishes--Conservation</subfield>
    <subfield code="2">lcsh</subfield>
  </datafield>
  <datafield tag="373" ind1=" " ind2=" ">
    <subfield code="a">Zhongguo shui chan ke xue yan jiu yuan. Zhu Jiang shui chan yan jiu suo</subfield>
    <subfield code="2">naf</subfield>
  </datafield>
  <datafield tag="375" ind1=" " ind2=" ">
    <subfield code="a">Females</subfield>
    <subfield code="2">lcdgt</subfield>
  </datafield>
  <datafield tag="377" ind1=" " ind2=" ">
    <subfield code="a">chi</subfield>
  </datafield>
  <datafield tag="400" ind1="1" ind2=" ">
    <subfield code="a">杨婉玲,</subfield>
    <subfield code="d">1974-</subfield>
  </datafield>
  <datafield tag="667" ind1=" " ind2=" ">
    <subfield code="a">Non-Latin script reference not evaluated.</subfield>
  </datafield>
  <datafield tag="670" ind1=" " ind2=" ">
    <subfield code="a">Zhu Jiang you du yu lei shi bie shou ce, 2019:</subfield>
    <subfield code="b">title page (杨婉玲 = Yang Wanling) editor&apos;s note (pf Zhongguo shui chan ke xue yan jiu yuan Zhu Jiang shui chan yan jiu suo)</subfield>
  </datafield>
  <datafield tag="670" ind1=" " ind2=" ">
    <subfield code="a">Zhongguo shui chan ke xue yan jiu yuan Zhu Jiang shui chan yan jiu suo WWW site, viewed December 30, 2019</subfield>
    <subfield code="b">(杨婉玲 = Yang Wanling; female; born in 1974; assistant researcher; research area: protection of fishery ecology; email: yangwanling@prfri.ac.cn)</subfield>
  </datafield>
</record>