
<record>
  <leader>00773nz  a2200193n  4500</leader>
  <controlfield tag="001">11257468</controlfield>
  <controlfield tag="003">DLC</controlfield>
  <controlfield tag="005">20200103073009.0</controlfield>
  <controlfield tag="008">200102nc azannaabn          |b aaa     c</controlfield>
  <datafield tag="010" ind1=" " ind2=" ">
    <subfield code="a">no2020000014</subfield>
  </datafield>
  <datafield tag="035" ind1=" " ind2=" ">
    <subfield code="a">(OCoLC)oca12667555</subfield>
  </datafield>
  <datafield tag="040" ind1=" " ind2=" ">
    <subfield code="a">HkU</subfield>
    <subfield code="b">eng</subfield>
    <subfield code="e">rda</subfield>
    <subfield code="c">HkU</subfield>
  </datafield>
  <datafield tag="100" ind1="1" ind2=" ">
    <subfield code="a">Xiong, Wei</subfield>
    <subfield code="c">(Professor of international relations)</subfield>
  </datafield>
  <datafield tag="372" ind1=" " ind2=" ">
    <subfield code="a">International relations</subfield>
    <subfield code="2">lcsh</subfield>
  </datafield>
  <datafield tag="373" ind1=" " ind2=" ">
    <subfield code="a">Wai jiao xue yuan (China). Wai jiao xue yu wai shi guan li xi</subfield>
  </datafield>
  <datafield tag="377" ind1=" " ind2=" ">
    <subfield code="a">chi</subfield>
    <subfield code="a">eng</subfield>
  </datafield>
  <datafield tag="400" ind1="1" ind2=" ">
    <subfield code="a">熊炜</subfield>
    <subfield code="c">(Professor of international relations)</subfield>
  </datafield>
  <datafield tag="667" ind1=" " ind2=" ">
    <subfield code="a">Non-Latin script reference not evaluated.</subfield>
  </datafield>
  <datafield tag="670" ind1=" " ind2=" ">
    <subfield code="a">Bian ge zhong de guo ji zhi xu yu cheng shi wai jiao, 2019:</subfield>
    <subfield code="b">title page (熊炜 = Xiong Wei) front cover flap (professor, Wai jiao xue yuan wai jiao xue yu wai shi guan li xi)</subfield>
  </datafield>
</record>