
<record>
  <leader>01611nz  a2200229n  4500</leader>
  <controlfield tag="001">11257470</controlfield>
  <controlfield tag="003">DLC</controlfield>
  <controlfield tag="005">20200103073009.0</controlfield>
  <controlfield tag="008">200102n| azannaabn          |n aaa     c</controlfield>
  <datafield tag="010" ind1=" " ind2=" ">
    <subfield code="a">no2020000016</subfield>
  </datafield>
  <datafield tag="035" ind1=" " ind2=" ">
    <subfield code="a">(OCoLC)oca12667557</subfield>
  </datafield>
  <datafield tag="040" ind1=" " ind2=" ">
    <subfield code="a">NJQ</subfield>
    <subfield code="b">eng</subfield>
    <subfield code="e">rda</subfield>
    <subfield code="c">NJQ</subfield>
  </datafield>
  <datafield tag="046" ind1=" " ind2=" ">
    <subfield code="f">1982-06-08</subfield>
    <subfield code="2">edtf</subfield>
  </datafield>
  <datafield tag="100" ind1="1" ind2=" ">
    <subfield code="a">Moschetta, Antonio,</subfield>
    <subfield code="d">1973-</subfield>
  </datafield>
  <datafield tag="370" ind1=" " ind2=" ">
    <subfield code="a">Bitonto (Italy) 2 naf</subfield>
  </datafield>
  <datafield tag="373" ind1=" " ind2=" ">
    <subfield code="a">Universiteit Utrecht</subfield>
    <subfield code="a">University of Texas Southwestern Medical Center at Dallas</subfield>
    <subfield code="2">naf</subfield>
  </datafield>
  <datafield tag="374" ind1=" " ind2=" ">
    <subfield code="a">Internists</subfield>
    <subfield code="a">College teachers</subfield>
    <subfield code="a">Authors</subfield>
    <subfield code="2">lcsh</subfield>
  </datafield>
  <datafield tag="375" ind1=" " ind2=" ">
    <subfield code="a">Males</subfield>
    <subfield code="2">lcdgt</subfield>
  </datafield>
  <datafield tag="377" ind1=" " ind2=" ">
    <subfield code="a">ita</subfield>
  </datafield>
  <datafield tag="670" ind1=" " ind2=" ">
    <subfield code="a">Tu metabolismo, 2019:</subfield>
    <subfield code="b">title page (Antonio Moschetta) back cover (born in 1973)</subfield>
  </datafield>
  <datafield tag="670" ind1=" " ind2=" ">
    <subfield code="a">Elsevier, viewed January 2, 2020:</subfield>
    <subfield code="b">Antonio Moschetta (M.D. from the University of Bari Aldo Moro, Italy and Ph.D. from Utrecht University, the Netherlands ; was Post doc at the Howard Hughes Medical Institute in the Department of Pharmacology at UT Southwestern Medical Center, Dallas, Texas, USA ; he is currently Professor of Internal Medicine at the University of Bari Aldo Moro in Bari, Italy ; his research focuses on the relationship between nutrients, hormones and disorders related to the gut-liver axis, with a special emphasis on the role of lipid-related transcriptional programs in liver and intestinal disease)</subfield>
    <subfield code="u">https://www.journals.elsevier.com/biochimica-et-biophysica-acta-molecular-and-cell-biology-of-lipids/editorial-board/antonio-moschetta-md-phd</subfield>
  </datafield>
  <datafield tag="670" ind1=" " ind2=" ">
    <subfield code="a">Nationale Bibliotheek (Netherlands) in VIAF, viewed January 2, 2020:</subfield>
    <subfield code="b">(hdg: Moschetta, Antonio, 1973- ; born June 8, 1973 in Bitonto (Bari, Italy))</subfield>
  </datafield>
</record>