
<record>
  <leader>00585nz  a2200193n  4500</leader>
  <controlfield tag="001">11257471</controlfield>
  <controlfield tag="003">DLC</controlfield>
  <controlfield tag="005">20200103073009.0</controlfield>
  <controlfield tag="008">200102n| azaabaaan          |a ana     c</controlfield>
  <datafield tag="010" ind1=" " ind2=" ">
    <subfield code="a">no2020000017</subfield>
  </datafield>
  <datafield tag="035" ind1=" " ind2=" ">
    <subfield code="a">(OCoLC)oca12667558</subfield>
  </datafield>
  <datafield tag="040" ind1=" " ind2=" ">
    <subfield code="a">InU</subfield>
    <subfield code="b">eng</subfield>
    <subfield code="e">rda</subfield>
    <subfield code="c">InU</subfield>
  </datafield>
  <datafield tag="130" ind1=" " ind2="0">
    <subfield code="a">Raport OSW</subfield>
  </datafield>
  <datafield tag="410" ind1="2" ind2=" ">
    <subfield code="a">Ośrodek Studiów Wschodnich.</subfield>
    <subfield code="t">Raport OSW</subfield>
  </datafield>
  <datafield tag="643" ind1=" " ind2=" ">
    <subfield code="a">Warszawa</subfield>
    <subfield code="b">Ośrodek Studiów Wschodnich im. Marka Karpia</subfield>
  </datafield>
  <datafield tag="644" ind1=" " ind2=" ">
    <subfield code="a">f</subfield>
    <subfield code="5">InU</subfield>
  </datafield>
  <datafield tag="645" ind1=" " ind2=" ">
    <subfield code="a">t</subfield>
    <subfield code="5">DPCC</subfield>
    <subfield code="5">InU</subfield>
  </datafield>
  <datafield tag="646" ind1=" " ind2=" ">
    <subfield code="a">s</subfield>
    <subfield code="5">InU</subfield>
  </datafield>
  <datafield tag="670" ind1=" " ind2=" ">
    <subfield code="a">Iwański, Tadeusz. Partnerstwo polityczno-oligarchiczne, 2017:</subfield>
    <subfield code="b">title page (Raport OSW)</subfield>
  </datafield>
</record>