
<record>
  <leader>01314nz  a2200265n  4500</leader>
  <controlfield tag="001">11257475</controlfield>
  <controlfield tag="003">DLC</controlfield>
  <controlfield tag="005">20200103073010.0</controlfield>
  <controlfield tag="008">200101nc azannaabn          |b aaa     c</controlfield>
  <datafield tag="010" ind1=" " ind2=" ">
    <subfield code="a">no2020000021</subfield>
  </datafield>
  <datafield tag="035" ind1=" " ind2=" ">
    <subfield code="a">(OCoLC)oca12667562</subfield>
  </datafield>
  <datafield tag="040" ind1=" " ind2=" ">
    <subfield code="a">HkU</subfield>
    <subfield code="b">eng</subfield>
    <subfield code="e">rda</subfield>
    <subfield code="c">HkU</subfield>
  </datafield>
  <datafield tag="046" ind1=" " ind2=" ">
    <subfield code="f">1989</subfield>
    <subfield code="2">edtf</subfield>
  </datafield>
  <datafield tag="100" ind1="1" ind2=" ">
    <subfield code="a">Duan, Lei,</subfield>
    <subfield code="d">1989-</subfield>
  </datafield>
  <datafield tag="370" ind1=" " ind2=" ">
    <subfield code="f">Xi&apos;an Shi (China)</subfield>
    <subfield code="2">naf</subfield>
  </datafield>
  <datafield tag="371" ind1=" " ind2=" ">
    <subfield code="m">duanlei2009@126.com</subfield>
  </datafield>
  <datafield tag="372" ind1=" " ind2=" ">
    <subfield code="a">Constitutional law</subfield>
    <subfield code="a">China--Foreign relations--Taiwan</subfield>
    <subfield code="a">Taiwan--Foreign relations--China</subfield>
    <subfield code="2">lcsh</subfield>
  </datafield>
  <datafield tag="373" ind1=" " ind2=" ">
    <subfield code="a">Wuhan da xue. Fa xue yuan</subfield>
    <subfield code="a">Wuhan da xue. Liang an ji Gang Ao fa zhi yan jiu zhong xin</subfield>
    <subfield code="2">naf</subfield>
  </datafield>
  <datafield tag="374" ind1=" " ind2=" ">
    <subfield code="a">University and college faculty members</subfield>
    <subfield code="2">lcdgt</subfield>
  </datafield>
  <datafield tag="375" ind1=" " ind2=" ">
    <subfield code="a">Males</subfield>
    <subfield code="2">lcsh</subfield>
  </datafield>
  <datafield tag="377" ind1=" " ind2=" ">
    <subfield code="a">chi</subfield>
  </datafield>
  <datafield tag="400" ind1="1" ind2=" ">
    <subfield code="a">段磊,</subfield>
    <subfield code="d">1989-</subfield>
  </datafield>
  <datafield tag="667" ind1=" " ind2=" ">
    <subfield code="a">Non-Latin script reference not evaluated.</subfield>
  </datafield>
  <datafield tag="670" ind1=" " ind2=" ">
    <subfield code="a">Taiwan di qu xian zhi xing gui ding fa li ding wei yan jiu, 2019:</subfield>
    <subfield code="b">title page (段磊 = Duan Lei) front cover flap (native of Shanxi Xi&apos;an; lecturer, Wuhan da xue fa xue yuan; researcher, Wuhan da xue liang an ji Gang Ao fa zhi yan jiu zhong xin)</subfield>
  </datafield>
  <datafield tag="670" ind1=" " ind2=" ">
    <subfield code="a">Huizhou xue yuan xue bao, vol.37 no.4:</subfield>
    <subfield code="b">page 21 (段磊 = Duan Lei; 1989-; male; of Shenxi Xi&apos;an; lecturer, Wuhan da xue fa xue yuan; researcher directions: constitution law, relations across the Taiwan Straits; email: duanlei2009@126.com)</subfield>
  </datafield>
</record>