
<record>
  <leader>00968nz  a2200229n  4500</leader>
  <controlfield tag="001">11257476</controlfield>
  <controlfield tag="003">DLC</controlfield>
  <controlfield tag="005">20200103073010.0</controlfield>
  <controlfield tag="008">200101nc azannaabn          |b aaa     c</controlfield>
  <datafield tag="010" ind1=" " ind2=" ">
    <subfield code="a">no2020000022</subfield>
  </datafield>
  <datafield tag="035" ind1=" " ind2=" ">
    <subfield code="a">(OCoLC)oca12667563</subfield>
  </datafield>
  <datafield tag="040" ind1=" " ind2=" ">
    <subfield code="a">HkU</subfield>
    <subfield code="b">eng</subfield>
    <subfield code="e">rda</subfield>
    <subfield code="c">HkU</subfield>
  </datafield>
  <datafield tag="046" ind1=" " ind2=" ">
    <subfield code="f">1978-11</subfield>
    <subfield code="2">edtf</subfield>
  </datafield>
  <datafield tag="100" ind1="1" ind2=" ">
    <subfield code="a">Li, Ning,</subfield>
    <subfield code="d">1978 November-</subfield>
  </datafield>
  <datafield tag="370" ind1=" " ind2=" ">
    <subfield code="f">Tianshui Shi (China)</subfield>
    <subfield code="2">naf</subfield>
  </datafield>
  <datafield tag="372" ind1=" " ind2=" ">
    <subfield code="a">Archives--Management</subfield>
    <subfield code="a">China--History</subfield>
    <subfield code="2">lcsh</subfield>
  </datafield>
  <datafield tag="373" ind1=" " ind2=" ">
    <subfield code="a">Zhongguo di 2 li shi dang an guan. Shi liao bian ji bu</subfield>
    <subfield code="2">naf</subfield>
  </datafield>
  <datafield tag="375" ind1=" " ind2=" ">
    <subfield code="a">Females</subfield>
    <subfield code="2">lcdgt</subfield>
  </datafield>
  <datafield tag="377" ind1=" " ind2=" ">
    <subfield code="a">chi</subfield>
  </datafield>
  <datafield tag="400" ind1="1" ind2=" ">
    <subfield code="a">李宁,</subfield>
    <subfield code="d">1978 November-</subfield>
  </datafield>
  <datafield tag="667" ind1=" " ind2=" ">
    <subfield code="a">Non-Latin script reference not evaluated.</subfield>
  </datafield>
  <datafield tag="670" ind1=" " ind2=" ">
    <subfield code="a">Song Meiling nian pu, 2019:</subfield>
    <subfield code="b">title page (李宁 = Li Ning) front cover flap (female; born in November 1978; native of Gansu Tianshui; master in history, Nanjing da xue li shi xue yuan; deputy director, Zhongguo di 2 li shi dang an guan shi liao bian ji bu; research areas: archive management, Chinese history)</subfield>
  </datafield>
</record>