
<record>
  <leader>01313nz  a2200241n  4500</leader>
  <controlfield tag="001">11257477</controlfield>
  <controlfield tag="003">DLC</controlfield>
  <controlfield tag="005">20200103073010.0</controlfield>
  <controlfield tag="008">200101nc azannaabn          |b aaa     c</controlfield>
  <datafield tag="010" ind1=" " ind2=" ">
    <subfield code="a">no2020000023</subfield>
  </datafield>
  <datafield tag="035" ind1=" " ind2=" ">
    <subfield code="a">(OCoLC)oca12667564</subfield>
  </datafield>
  <datafield tag="040" ind1=" " ind2=" ">
    <subfield code="a">HkU</subfield>
    <subfield code="b">eng</subfield>
    <subfield code="e">rda</subfield>
    <subfield code="c">HkU</subfield>
  </datafield>
  <datafield tag="046" ind1=" " ind2=" ">
    <subfield code="f">1984</subfield>
    <subfield code="2">edtf</subfield>
  </datafield>
  <datafield tag="100" ind1="1" ind2=" ">
    <subfield code="a">Zhou, Shaodong,</subfield>
    <subfield code="d">1984-</subfield>
  </datafield>
  <datafield tag="370" ind1=" " ind2=" ">
    <subfield code="f">Congyang Xian (China)</subfield>
  </datafield>
  <datafield tag="372" ind1=" " ind2=" ">
    <subfield code="a">Economics</subfield>
    <subfield code="2">lcsh</subfield>
  </datafield>
  <datafield tag="373" ind1=" " ind2=" ">
    <subfield code="a">Wuhan da xue. Makesi zhu yi li lun yu Zhongguo shi jian xie tong chuang xin zhong xin</subfield>
  </datafield>
  <datafield tag="374" ind1=" " ind2=" ">
    <subfield code="a">University and college faculty members</subfield>
    <subfield code="2">lcdgt</subfield>
  </datafield>
  <datafield tag="377" ind1=" " ind2=" ">
    <subfield code="a">chi</subfield>
  </datafield>
  <datafield tag="400" ind1="1" ind2=" ">
    <subfield code="a">周绍东,</subfield>
    <subfield code="d">1984-</subfield>
  </datafield>
  <datafield tag="667" ind1=" " ind2=" ">
    <subfield code="a">Non-Latin script reference not evaluated.</subfield>
  </datafield>
  <datafield tag="670" ind1=" " ind2=" ">
    <subfield code="a">Zhongguo te se fa zhan jing ji xue, 2019:</subfield>
    <subfield code="b">title page (周绍东 = Zhou Shaodong) front cover flap (researcher, Wuhan da xue Makesi zhu yi li lun yu Zhongguo shi jian xie tong chuang xin zhong xin; doctoral candidate tutor)</subfield>
  </datafield>
  <datafield tag="670" ind1=" " ind2=" ">
    <subfield code="a">Wuhan da xue Makesi zhu yi xue yuan WWW site, viewed December 11, 2019</subfield>
    <subfield code="b">(周绍东 = Zhou Shaodong; 1984-; native of Anhui Congyang; Ph.D. in economics; researcher, Wuhan da xue Makesi zhu yi li lun yu Zhongguo shi jian xie tong chuang xin zhong xin; research areas: Marxist political economics, socialist political economics of China, development economics)</subfield>
    <subfield code="u">http://www.marx.whu.edu.cn/szll/968.html</subfield>
  </datafield>
</record>