
<record>
  <leader>01855nz  a2200229n  4500</leader>
  <controlfield tag="001">11257479</controlfield>
  <controlfield tag="003">DLC</controlfield>
  <controlfield tag="005">20200103073010.0</controlfield>
  <controlfield tag="008">200102n| azannaabn          |a aaa     c</controlfield>
  <datafield tag="010" ind1=" " ind2=" ">
    <subfield code="a">no2020000025</subfield>
  </datafield>
  <datafield tag="035" ind1=" " ind2=" ">
    <subfield code="a">(OCoLC)oca12667566</subfield>
  </datafield>
  <datafield tag="040" ind1=" " ind2=" ">
    <subfield code="a">OU</subfield>
    <subfield code="b">eng</subfield>
    <subfield code="e">rda</subfield>
    <subfield code="c">OU</subfield>
  </datafield>
  <datafield tag="046" ind1=" " ind2=" ">
    <subfield code="f">1900</subfield>
    <subfield code="g">1982</subfield>
    <subfield code="2">edtf</subfield>
  </datafield>
  <datafield tag="100" ind1="1" ind2=" ">
    <subfield code="a">Brocher, J. E. W.</subfield>
    <subfield code="q">(Jacques Elie Wilhelm),</subfield>
    <subfield code="d">1900-1982</subfield>
  </datafield>
  <datafield tag="370" ind1=" " ind2=" ">
    <subfield code="a">Lübeck (Germany)</subfield>
    <subfield code="2">naf</subfield>
  </datafield>
  <datafield tag="374" ind1=" " ind2=" ">
    <subfield code="a">Physicians</subfield>
    <subfield code="a">Authors</subfield>
    <subfield code="2">lcsh</subfield>
  </datafield>
  <datafield tag="375" ind1=" " ind2=" ">
    <subfield code="a">Males</subfield>
    <subfield code="2">lcdgt</subfield>
  </datafield>
  <datafield tag="378" ind1=" " ind2=" ">
    <subfield code="q">Jacques Elie Wilhelm</subfield>
  </datafield>
  <datafield tag="400" ind1="1" ind2=" ">
    <subfield code="a">Brocher, Jacques Elie Wilhelm,</subfield>
    <subfield code="d">1900-1982</subfield>
  </datafield>
  <datafield tag="670" ind1=" " ind2=" ">
    <subfield code="a">Der Kreuzschmerz in seiner Beziehung zur Wirbelsäule, 1938:</subfield>
    <subfield code="b">title page (J.E.W. Brocher)</subfield>
  </datafield>
  <datafield tag="670" ind1=" " ind2=" ">
    <subfield code="a">German National Library via VIAF, Jan. 2, 2020</subfield>
    <subfield code="b">(identifier: http://d-nb.info/gnd/123669227; GAC: XA-CH XA-DE; preferred: Brocher, Jacques E. W. 1900-1982; variant: Brocher, Jacques E. W.; Brocher, J. E. W.; Brocher, Jacques E.; Brocher, Jacques Elie Wilhelm; gender: 1; related: Fiumicelli, Aligi, Guardi Trizzino, B., Guttmann, Ludwig, 1899-1980, Willert, Hans-Georg, 1934-2006, Genf, Lübeck; related title: Der Kreuzschmerz in seiner Beziehung zur Wirbelsäule. - 1938, Die Differentialdiagnose der Wirbelsäulentuberkulose. - 1941, Die Wirbelsäulentuberkulose und ihre Differentialdiagnose. - 1953, Die Wirbelsäulenleiden und ihre Differentialdiagnose. - 1959, Differentialdiagnose der Wirbelsäulenerkrankungen. - 1980)</subfield>
    <subfield code="u">http://www.viaf.org/processed/DNB%7C123669227</subfield>
  </datafield>
  <datafield tag="670" ind1=" " ind2=" ">
    <subfield code="a">NUKAT Center of Warsaw University Library via VIAF, Jan. 2, 2020</subfield>
    <subfield code="b">(identifier: 164066469, http://isni.org/isni/000000044644829X; preferred: Brocher, Jacques Elie Wilhelm (1900-1982).; variant: Brocher, J. E.; Brocher, J. E. W.; Brocher, Jacques E. W.; related: Guttmann, Ludwig, (1899-1980)., Willert, Hans-Georg, (1934-2006).)</subfield>
    <subfield code="u">http://www.viaf.org/processed/NUKAT%7Cn 2006070705</subfield>
  </datafield>
</record>