
<record>
  <leader>01267nz  a2200229n  4500</leader>
  <controlfield tag="001">11257482</controlfield>
  <controlfield tag="003">DLC</controlfield>
  <controlfield tag="005">20200103073010.0</controlfield>
  <controlfield tag="008">200102n| azannaabn          |a ana     c</controlfield>
  <datafield tag="010" ind1=" " ind2=" ">
    <subfield code="a">no2020000028</subfield>
  </datafield>
  <datafield tag="035" ind1=" " ind2=" ">
    <subfield code="a">(OCoLC)oca12667569</subfield>
  </datafield>
  <datafield tag="040" ind1=" " ind2=" ">
    <subfield code="a">MnU</subfield>
    <subfield code="b">eng</subfield>
    <subfield code="e">rda</subfield>
    <subfield code="c">MnU</subfield>
  </datafield>
  <datafield tag="046" ind1=" " ind2=" ">
    <subfield code="s">1980</subfield>
    <subfield code="2">edtf</subfield>
  </datafield>
  <datafield tag="110" ind1="2" ind2=" ">
    <subfield code="a">Pemmican Publications Inc.</subfield>
  </datafield>
  <datafield tag="370" ind1=" " ind2=" ">
    <subfield code="c">Canada</subfield>
    <subfield code="e">Winnipeg (Man.)</subfield>
    <subfield code="2">naf</subfield>
  </datafield>
  <datafield tag="371" ind1=" " ind2=" ">
    <subfield code="a">150 Henry Ave.</subfield>
    <subfield code="b">Winnipeg</subfield>
    <subfield code="c">Manitoba</subfield>
    <subfield code="d">Canada</subfield>
    <subfield code="e">R3B 0J7</subfield>
  </datafield>
  <datafield tag="372" ind1=" " ind2=" ">
    <subfield code="a">Publishers and publishing</subfield>
    <subfield code="2">lcsh</subfield>
  </datafield>
  <datafield tag="377" ind1=" " ind2=" ">
    <subfield code="a">eng</subfield>
  </datafield>
  <datafield tag="410" ind1="2" ind2=" ">
    <subfield code="a">Pemmican Publications Incorporated</subfield>
  </datafield>
  <datafield tag="510" ind1="2" ind2=" ">
    <subfield code="w">r</subfield>
    <subfield code="i">Founding corporate body:</subfield>
    <subfield code="a">Manitoba Métis Federation</subfield>
  </datafield>
  <datafield tag="670" ind1=" " ind2=" ">
    <subfield code="a">McLellan, Joseph. The birth of Nanabosho, ©1989:</subfield>
    <subfield code="b">title page verso (Pemmican Publications Inc., committed to the promotion of Metis culture and heritage; 150 Henry Ave., Winnipeg, Manitoba, R3B 0J7 Canada) page 4 of cover (the first title in the Nanabosho series)</subfield>
  </datafield>
  <datafield tag="670" ind1=" " ind2=" ">
    <subfield code="a">Pemmican Publications web site, viewed January 2, 2020:</subfield>
    <subfield code="b">About us (Pemmican Publications Inc.; founded as a non-profit in Winnipeg, Manitoba, in 1980 by the Manitoba Metis Federation, which provided the publisher&apos;s first inventory through the combined titles of The Metis Press and Editions Bois-Brules.)</subfield>
    <subfield code="u">http://www.pemmicanpublications.ca/Home.page</subfield>
  </datafield>
</record>