
<record>
  <leader>01035nz  a2200217n  4500</leader>
  <controlfield tag="001">11257485</controlfield>
  <controlfield tag="003">DLC</controlfield>
  <controlfield tag="005">20200103073010.0</controlfield>
  <controlfield tag="008">200101nc azannaabn          |b aaa     c</controlfield>
  <datafield tag="010" ind1=" " ind2=" ">
    <subfield code="a">no2020000031</subfield>
  </datafield>
  <datafield tag="035" ind1=" " ind2=" ">
    <subfield code="a">(OCoLC)oca12667572</subfield>
  </datafield>
  <datafield tag="040" ind1=" " ind2=" ">
    <subfield code="a">HkU</subfield>
    <subfield code="b">eng</subfield>
    <subfield code="e">rda</subfield>
    <subfield code="c">HkU</subfield>
  </datafield>
  <datafield tag="100" ind1="1" ind2=" ">
    <subfield code="a">Liang, Dawei</subfield>
  </datafield>
  <datafield tag="372" ind1=" " ind2=" ">
    <subfield code="a">Environmental sciences</subfield>
    <subfield code="2">lcsh</subfield>
  </datafield>
  <datafield tag="373" ind1=" " ind2=" ">
    <subfield code="a">Beijing hang kong hang tian da xue. Huan jing ke xue yu gong cheng xi</subfield>
    <subfield code="s">2009</subfield>
  </datafield>
  <datafield tag="374" ind1=" " ind2=" ">
    <subfield code="a">University and college faculty members</subfield>
    <subfield code="2">lcdgt</subfield>
  </datafield>
  <datafield tag="377" ind1=" " ind2=" ">
    <subfield code="a">eng</subfield>
  </datafield>
  <datafield tag="400" ind1="1" ind2=" ">
    <subfield code="a">梁大為</subfield>
  </datafield>
  <datafield tag="667" ind1=" " ind2=" ">
    <subfield code="a">Non-Latin script reference not evaluated.</subfield>
  </datafield>
  <datafield tag="670" ind1=" " ind2=" ">
    <subfield code="a">Anaerobic degradation of toxic and refractory aromatics, 2007:</subfield>
    <subfield code="b">title page (Liang Dawei = 梁大為)</subfield>
  </datafield>
  <datafield tag="670" ind1=" " ind2=" ">
    <subfield code="a">ResearchGate, viewed December 16, 2019</subfield>
    <subfield code="b">(Da-Wei Liang [in rom.]; associate professor, Department of Environmental Science and Engineering, Beihang University, 2009-; Ph.D., Department of Civil Engineering, University of Hong Kong, 2007; research area: environmental science)</subfield>
    <subfield code="u">https://www.researchgate.net/profile/Da_Wei_Liang</subfield>
  </datafield>
</record>