
<record>
  <leader>00970nz  a2200205n  4500</leader>
  <controlfield tag="001">11257486</controlfield>
  <controlfield tag="003">DLC</controlfield>
  <controlfield tag="005">20200103073010.0</controlfield>
  <controlfield tag="008">200101nc azannaabn          |b aaa     c</controlfield>
  <datafield tag="010" ind1=" " ind2=" ">
    <subfield code="a">no2020000032</subfield>
  </datafield>
  <datafield tag="035" ind1=" " ind2=" ">
    <subfield code="a">(OCoLC)oca12667573</subfield>
  </datafield>
  <datafield tag="040" ind1=" " ind2=" ">
    <subfield code="a">HkU</subfield>
    <subfield code="b">eng</subfield>
    <subfield code="e">rda</subfield>
    <subfield code="c">HkU</subfield>
  </datafield>
  <datafield tag="100" ind1="1" ind2=" ">
    <subfield code="a">Liu, Zhiqiang</subfield>
    <subfield code="c">(Drug inspector)</subfield>
  </datafield>
  <datafield tag="370" ind1=" " ind2=" ">
    <subfield code="f">Haiyang Shi (China)</subfield>
    <subfield code="2">naf</subfield>
  </datafield>
  <datafield tag="372" ind1=" " ind2=" ">
    <subfield code="a">Drugs--Law and legislation</subfield>
    <subfield code="a">Pharmaceutical policy</subfield>
    <subfield code="2">lcsh</subfield>
  </datafield>
  <datafield tag="373" ind1=" " ind2=" ">
    <subfield code="a">Ningbo Shi shi chang jian guan guan li bao shui qu fen ju</subfield>
  </datafield>
  <datafield tag="377" ind1=" " ind2=" ">
    <subfield code="a">chi</subfield>
  </datafield>
  <datafield tag="400" ind1="1" ind2=" ">
    <subfield code="a">刘志强</subfield>
    <subfield code="c">(Drug inspector)</subfield>
  </datafield>
  <datafield tag="667" ind1=" " ind2=" ">
    <subfield code="a">Non-Latin script reference not evaluated.</subfield>
  </datafield>
  <datafield tag="670" ind1=" " ind2=" ">
    <subfield code="a">Wo guo yao pin an quan xiang guan fa lü ze ren ti xi yan jiu, 2019:</subfield>
    <subfield code="b">title page (刘志强 = Liu Zhiqiang) front cover flap (native of Shandong Sheng Haiyang; doctoral candidate in drug management, Shenyang yao ke da xue, 2013-; research on drug law and policy; working on drug inspection at Ningbo Shi shi chang jian guan guan li bao shui qu fen ju)</subfield>
  </datafield>
</record>