
<record>
  <leader>01236nz  a2200253n  4500</leader>
  <controlfield tag="001">11257487</controlfield>
  <controlfield tag="003">DLC</controlfield>
  <controlfield tag="005">20200103073010.0</controlfield>
  <controlfield tag="008">200102nc azannaabn          |b aaa     c</controlfield>
  <datafield tag="010" ind1=" " ind2=" ">
    <subfield code="a">no2020000033</subfield>
  </datafield>
  <datafield tag="035" ind1=" " ind2=" ">
    <subfield code="a">(OCoLC)oca12667574</subfield>
  </datafield>
  <datafield tag="040" ind1=" " ind2=" ">
    <subfield code="a">HkU</subfield>
    <subfield code="b">eng</subfield>
    <subfield code="e">rda</subfield>
    <subfield code="c">HkU</subfield>
  </datafield>
  <datafield tag="100" ind1="1" ind2=" ">
    <subfield code="a">Liang, Dawei</subfield>
    <subfield code="c">(Researcher on history)</subfield>
  </datafield>
  <datafield tag="370" ind1=" " ind2=" ">
    <subfield code="f">Songyuan Shi (China)</subfield>
    <subfield code="2">naf</subfield>
  </datafield>
  <datafield tag="371" ind1=" " ind2=" ">
    <subfield code="m">liangdw@dlut.edu.cn</subfield>
  </datafield>
  <datafield tag="372" ind1=" " ind2=" ">
    <subfield code="a">China--Foreign relations--United States</subfield>
    <subfield code="a">China--Civilization</subfield>
    <subfield code="2">lcsh</subfield>
  </datafield>
  <datafield tag="373" ind1=" " ind2=" ">
    <subfield code="a">Dalian li gong da xue. Makesi zhu yi xue yuan</subfield>
  </datafield>
  <datafield tag="374" ind1=" " ind2=" ">
    <subfield code="a">University and college faculty members</subfield>
    <subfield code="2">lcdgt</subfield>
  </datafield>
  <datafield tag="375" ind1=" " ind2=" ">
    <subfield code="a">Males</subfield>
    <subfield code="2">lcdgt</subfield>
  </datafield>
  <datafield tag="377" ind1=" " ind2=" ">
    <subfield code="a">chi</subfield>
  </datafield>
  <datafield tag="400" ind1="1" ind2=" ">
    <subfield code="a">梁大伟</subfield>
    <subfield code="c">(Researcher on history)</subfield>
  </datafield>
  <datafield tag="667" ind1=" " ind2=" ">
    <subfield code="a">Non-Latin script reference not evaluated.</subfield>
  </datafield>
  <datafield tag="670" ind1=" " ind2=" ">
    <subfield code="a">Ba quan, jin yuan yu li xiang zhu yi, 2018:</subfield>
    <subfield code="b">title page (梁大伟 = Liang Dawei) front cover flap (native of Jilin Songyuan; associate professor, Dalian li gong da xue Makesi zhu yi xue yuan; research on Chinese-U.S. relations, Chinese modern civilization)</subfield>
  </datafield>
  <datafield tag="670" ind1=" " ind2=" ">
    <subfield code="a">Dalian li gong xue yuan WWW site, viewed December 13, 2019</subfield>
    <subfield code="b">(梁大伟 = Liang Dawei; male; professor; email: liangdw@dlut.edu.cn)</subfield>
    <subfield code="u">http://faculty.dlut.edu.cn/ldwmxy888666/zh_CN/zhym/831912/list/index.htm</subfield>
  </datafield>
</record>