
<record>
  <leader>00608nz  a2200157n  4500</leader>
  <controlfield tag="001">11257489</controlfield>
  <controlfield tag="003">DLC</controlfield>
  <controlfield tag="005">20200103073010.0</controlfield>
  <controlfield tag="008">200102n| azannaabn          |b ana     c</controlfield>
  <datafield tag="010" ind1=" " ind2=" ">
    <subfield code="a">no2020000035</subfield>
  </datafield>
  <datafield tag="035" ind1=" " ind2=" ">
    <subfield code="a">(OCoLC)oca12667576</subfield>
  </datafield>
  <datafield tag="040" ind1=" " ind2=" ">
    <subfield code="a">NNC-EA</subfield>
    <subfield code="b">eng</subfield>
    <subfield code="e">rda</subfield>
    <subfield code="c">NNC</subfield>
  </datafield>
  <datafield tag="110" ind1="2" ind2=" ">
    <subfield code="a">Matsudo-shi Kyōiku Iinkai.</subfield>
    <subfield code="b">Shōgai Gakushūbu</subfield>
  </datafield>
  <datafield tag="410" ind1="2" ind2=" ">
    <subfield code="a">Matsudo-shi Kyōiku Iinkai.</subfield>
    <subfield code="b">生涯学習部</subfield>
  </datafield>
  <datafield tag="667" ind1=" " ind2=" ">
    <subfield code="a">Non-Latin script reference not evaluated</subfield>
  </datafield>
  <datafield tag="670" ind1=" " ind2=" ">
    <subfield code="a">Matsudo-shi Kyōiku Iinkai WWW home page:</subfield>
    <subfield code="b">Kyōiku Iinkai soshiki/kikōzu/kikōzu (教育委員会/生涯学習部 = Kyōiku Iinkai/Shōgai Gakushūbu)</subfield>
  </datafield>
</record>