
<record>
  <leader>00698nz  a2200205n  4500</leader>
  <controlfield tag="001">11257491</controlfield>
  <controlfield tag="003">DLC</controlfield>
  <controlfield tag="005">20200103073010.0</controlfield>
  <controlfield tag="008">200102n| azannaabn          |a aaa     c</controlfield>
  <datafield tag="010" ind1=" " ind2=" ">
    <subfield code="a">no2020000037</subfield>
  </datafield>
  <datafield tag="035" ind1=" " ind2=" ">
    <subfield code="a">(OCoLC)oca12667578</subfield>
  </datafield>
  <datafield tag="040" ind1=" " ind2=" ">
    <subfield code="a">MnU</subfield>
    <subfield code="b">eng</subfield>
    <subfield code="e">rda</subfield>
    <subfield code="c">MnU</subfield>
  </datafield>
  <datafield tag="100" ind1="1" ind2=" ">
    <subfield code="a">Mishima, Yukio,</subfield>
    <subfield code="d">1925-1970.</subfield>
    <subfield code="t">Kinjiki.</subfield>
    <subfield code="l">Italian</subfield>
  </datafield>
  <datafield tag="377" ind1=" " ind2=" ">
    <subfield code="a">ita</subfield>
  </datafield>
  <datafield tag="380" ind1=" " ind2=" ">
    <subfield code="a">Novels</subfield>
    <subfield code="a">Psychological fiction</subfield>
    <subfield code="2">lcgft</subfield>
  </datafield>
  <datafield tag="381" ind1=" " ind2=" ">
    <subfield code="a">Origlia</subfield>
  </datafield>
  <datafield tag="400" ind1="1" ind2=" ">
    <subfield code="a">Mishima, Yukio,</subfield>
    <subfield code="d">1925-1970.</subfield>
    <subfield code="t">Colori proibiti</subfield>
  </datafield>
  <datafield tag="400" ind1="1" ind2=" ">
    <subfield code="a">Mishima, Yukio,</subfield>
    <subfield code="d">1925-1970.</subfield>
    <subfield code="t">禁色.</subfield>
    <subfield code="l">talian</subfield>
  </datafield>
  <datafield tag="500" ind1="1" ind2=" ">
    <subfield code="w">r</subfield>
    <subfield code="i">Translator</subfield>
    <subfield code="a">Origlia, Lydia</subfield>
  </datafield>
  <datafield tag="670" ind1=" " ind2=" ">
    <subfield code="a">Colori proibiti, 1989:</subfield>
    <subfield code="b">title page (traduzione di Lydia Origlia) verso (titolo dell&apos;opera originale: Kinjiki)</subfield>
  </datafield>
</record>