
<record>
  <leader>01303nz  a2200265n  4500</leader>
  <controlfield tag="001">11257496</controlfield>
  <controlfield tag="003">DLC</controlfield>
  <controlfield tag="005">20200103073010.0</controlfield>
  <controlfield tag="008">200102nc azannaabn          |b aaa     c</controlfield>
  <datafield tag="010" ind1=" " ind2=" ">
    <subfield code="a">no2020000042</subfield>
  </datafield>
  <datafield tag="035" ind1=" " ind2=" ">
    <subfield code="a">(OCoLC)oca12667583</subfield>
  </datafield>
  <datafield tag="040" ind1=" " ind2=" ">
    <subfield code="a">HkU</subfield>
    <subfield code="b">eng</subfield>
    <subfield code="e">rda</subfield>
    <subfield code="c">HkU</subfield>
  </datafield>
  <datafield tag="046" ind1=" " ind2=" ">
    <subfield code="f">1969</subfield>
    <subfield code="2">edtf</subfield>
  </datafield>
  <datafield tag="100" ind1="1" ind2=" ">
    <subfield code="a">Wang, Ying,</subfield>
    <subfield code="d">1969-</subfield>
  </datafield>
  <datafield tag="370" ind1=" " ind2=" ">
    <subfield code="a">Nenjiang Shi (China)</subfield>
  </datafield>
  <datafield tag="372" ind1=" " ind2=" ">
    <subfield code="a">Image processing</subfield>
    <subfield code="a">Information visualization</subfield>
    <subfield code="a">Digital watermarking</subfield>
    <subfield code="2">lcsh</subfield>
  </datafield>
  <datafield tag="373" ind1=" " ind2=" ">
    <subfield code="a">Beijing li gong da xue</subfield>
    <subfield code="2">naf</subfield>
  </datafield>
  <datafield tag="373" ind1=" " ind2=" ">
    <subfield code="a">Zhongguo ke xue yuan. Qian yan ke xue yu jiao yu ju</subfield>
  </datafield>
  <datafield tag="374" ind1=" " ind2=" ">
    <subfield code="a">College teachers</subfield>
    <subfield code="2">lcsh</subfield>
  </datafield>
  <datafield tag="375" ind1=" " ind2=" ">
    <subfield code="a">Females</subfield>
    <subfield code="2">lcdgt</subfield>
  </datafield>
  <datafield tag="377" ind1=" " ind2=" ">
    <subfield code="a">chi</subfield>
  </datafield>
  <datafield tag="400" ind1="1" ind2=" ">
    <subfield code="a">王颖,</subfield>
    <subfield code="d">1969-</subfield>
  </datafield>
  <datafield tag="667" ind1=" " ind2=" ">
    <subfield code="a">Non-Latin script reference not evaluated.</subfield>
  </datafield>
  <datafield tag="670" ind1=" " ind2=" ">
    <subfield code="a">Shu zi shui yin yuan li yu ji shu, 2007:</subfield>
    <subfield code="b">title page (王颖 = Wang Ying) foreword (professor, Zhongguo ke xue yuan yan jiu sheng yuan)</subfield>
  </datafield>
  <datafield tag="670" ind1=" " ind2=" ">
    <subfield code="a">Bai du website, viewed on December 18, 2019</subfield>
    <subfield code="b">(王颖 = Wang Ying; female; born 1969 in Heilongjiang Sheng Nenjiang Shi; doctoral tutor; deputy director, Zhongguo ke xue yuan qian yan ke xue yu jiao yu ju; research areas: image processing, scientific visualization, digital watermarking; graduated from Beijing li gong da xue dian zi gong cheng xi in 1996)</subfield>
    <subfield code="u">https://baike.baidu.com/item/%E7%8E%8B%E9%A2%96/3738666</subfield>
  </datafield>
</record>