
<record>
  <leader>00706nz  a2200145n  4500</leader>
  <controlfield tag="001">11257497</controlfield>
  <controlfield tag="003">DLC</controlfield>
  <controlfield tag="005">20200103073010.0</controlfield>
  <controlfield tag="008">200102n| azannaabn          |n aaa     c</controlfield>
  <datafield tag="010" ind1=" " ind2=" ">
    <subfield code="a">no2020000043</subfield>
  </datafield>
  <datafield tag="035" ind1=" " ind2=" ">
    <subfield code="a">(OCoLC)oca12667584</subfield>
  </datafield>
  <datafield tag="040" ind1=" " ind2=" ">
    <subfield code="a">InU</subfield>
    <subfield code="b">eng</subfield>
    <subfield code="e">rda</subfield>
    <subfield code="c">InU</subfield>
  </datafield>
  <datafield tag="100" ind1="1" ind2=" ">
    <subfield code="a">Lee, Shinwoo</subfield>
  </datafield>
  <datafield tag="370" ind1=" " ind2=" ">
    <subfield code="f">Inch&apos;ŏn (Korea)</subfield>
    <subfield code="f">Lexington (Ky.)</subfield>
    <subfield code="f">Bloomington (Ind.)</subfield>
    <subfield code="2">naf</subfield>
  </datafield>
  <datafield tag="670" ind1=" " ind2=" ">
    <subfield code="a">Lee, Shinwoo. Determinants and consequences of employee turnover in the U.S. federal bureaucracy, 2018:</subfield>
    <subfield code="b">PDF title page (Shinwoo Lee; Ph. D., School of Public and Environmental Affairs, Indiana University, 2018) vita, page 1 (M.A., Public Policy, University of Kentucky, 2011; B.A., Public Administration, Incheon National University, 2005)</subfield>
  </datafield>
</record>