
<record>
  <leader>00934nz  a2200241n  4500</leader>
  <controlfield tag="001">11257500</controlfield>
  <controlfield tag="003">DLC</controlfield>
  <controlfield tag="005">20200103073010.0</controlfield>
  <controlfield tag="008">200102n| azannaabn          |b aaa     c</controlfield>
  <datafield tag="010" ind1=" " ind2=" ">
    <subfield code="a">no2020000046</subfield>
  </datafield>
  <datafield tag="035" ind1=" " ind2=" ">
    <subfield code="a">(OCoLC)oca12667587</subfield>
  </datafield>
  <datafield tag="040" ind1=" " ind2=" ">
    <subfield code="a">NjP</subfield>
    <subfield code="b">eng</subfield>
    <subfield code="e">rda</subfield>
    <subfield code="c">NjP</subfield>
  </datafield>
  <datafield tag="046" ind1=" " ind2=" ">
    <subfield code="f">1875</subfield>
    <subfield code="g">1920-02-22</subfield>
    <subfield code="2">edtf</subfield>
  </datafield>
  <datafield tag="100" ind1="0" ind2=" ">
    <subfield code="a">Mehmed Nuri,</subfield>
    <subfield code="d">1875-1920</subfield>
  </datafield>
  <datafield tag="370" ind1=" " ind2=" ">
    <subfield code="a">Tripoli (Libya)</subfield>
    <subfield code="b">Istanbul (Turkey)</subfield>
    <subfield code="2">naf</subfield>
  </datafield>
  <datafield tag="375" ind1=" " ind2=" ">
    <subfield code="a">Males</subfield>
    <subfield code="2">lcdgt</subfield>
  </datafield>
  <datafield tag="377" ind1=" " ind2=" ">
    <subfield code="a">ota</subfield>
    <subfield code="a">ara</subfield>
  </datafield>
  <datafield tag="400" ind1="0" ind2=" ">
    <subfield code="a">Mehmet Nuri,</subfield>
    <subfield code="d">1875-1920</subfield>
  </datafield>
  <datafield tag="400" ind1="0" ind2=" ">
    <subfield code="a">محمد نوري،</subfield>
    <subfield code="d">1875-1920</subfield>
  </datafield>
  <datafield tag="400" ind1="0" ind2=" ">
    <subfield code="a">Muḥammad Nūrī,</subfield>
    <subfield code="d">1875-1920</subfield>
  </datafield>
  <datafield tag="400" ind1="1" ind2=" ">
    <subfield code="a">Nuri, Mehmed,</subfield>
    <subfield code="d">1875-1920</subfield>
  </datafield>
  <datafield tag="667" ind1=" " ind2=" ">
    <subfield code="a">Non-Latin script reference not evaluated.</subfield>
  </datafield>
  <datafield tag="670" ind1=" " ind2=" ">
    <subfield code="a">Trablusgarp, 2019:</subfield>
    <subfield code="b">title page (Mehmed Nuri) cover (محمد نوري = Muḥammad Nūrī [in Ara.]) page xvi, etc. (born 1292/1875 in Tripoli, Libya, son of Arnavutzâde Hasan Ağa, died February 22 1336/1920 in Istanbul, brother of Mahmud Naci)</subfield>
  </datafield>
</record>