
<record>
  <leader>01063nz  a2200265n  4500</leader>
  <controlfield tag="001">11257501</controlfield>
  <controlfield tag="003">DLC</controlfield>
  <controlfield tag="005">20200103073010.0</controlfield>
  <controlfield tag="008">200102n| azannaabn          |a aaa      </controlfield>
  <datafield tag="010" ind1=" " ind2=" ">
    <subfield code="a">no2020000047</subfield>
  </datafield>
  <datafield tag="016" ind1=" " ind2=" ">
    <subfield code="a">0060F1408E</subfield>
  </datafield>
  <datafield tag="035" ind1=" " ind2=" ">
    <subfield code="a">(OCoLC)oca12667588</subfield>
  </datafield>
  <datafield tag="040" ind1=" " ind2=" ">
    <subfield code="a">CaOONL</subfield>
    <subfield code="b">eng</subfield>
    <subfield code="e">rda</subfield>
    <subfield code="c">CaOONL</subfield>
  </datafield>
  <datafield tag="042" ind1=" " ind2=" ">
    <subfield code="a">nlc</subfield>
  </datafield>
  <datafield tag="046" ind1=" " ind2=" ">
    <subfield code="f">1958</subfield>
    <subfield code="2">edtf</subfield>
  </datafield>
  <datafield tag="100" ind1="1" ind2=" ">
    <subfield code="a">Hébert Allard, Simone,</subfield>
    <subfield code="d">1958-</subfield>
  </datafield>
  <datafield tag="368" ind1=" " ind2=" ">
    <subfield code="c">Canadians</subfield>
    <subfield code="2">lcdgt</subfield>
  </datafield>
  <datafield tag="370" ind1=" " ind2=" ">
    <subfield code="a">Winnipeg (Man.)</subfield>
    <subfield code="c">Canada</subfield>
    <subfield code="2">naf</subfield>
  </datafield>
  <datafield tag="374" ind1=" " ind2=" ">
    <subfield code="a">Authors</subfield>
    <subfield code="a">Photographers</subfield>
    <subfield code="a">Translators</subfield>
    <subfield code="2">lcsh</subfield>
  </datafield>
  <datafield tag="377" ind1=" " ind2=" ">
    <subfield code="a">fre</subfield>
  </datafield>
  <datafield tag="400" ind1="1" ind2=" ">
    <subfield code="a">Allard, Simone Hébert,</subfield>
    <subfield code="d">1958-</subfield>
  </datafield>
  <datafield tag="670" ind1=" " ind2=" ">
    <subfield code="a">Butterflies of the Prairies, 2020:</subfield>
    <subfield code="b">LAC CIP application (Simone Hébert Allard; Canadian)</subfield>
  </datafield>
  <datafield tag="670" ind1=" " ind2=" ">
    <subfield code="a">Canadiana, January 2, 2020</subfield>
    <subfield code="b">(access point: Hébert-Allard, Simone, 1958-; born 1958 in St. Boniface, Manitoba)</subfield>
  </datafield>
  <datafield tag="670" ind1=" " ind2=" ">
    <subfield code="a">LinkedIn, viewed January 2, 2020</subfield>
    <subfield code="b">(Simone Hébert Allard; freelance writer, photographer &amp; translator)</subfield>
    <subfield code="u">https://ca.linkedin.com/in/simone-h%C3%A9bert-allard-a0475435</subfield>
  </datafield>
  <datafield tag="700" ind1="1" ind2="6">
    <subfield code="a">Hébert-Allard, Simone,</subfield>
    <subfield code="d">1958-</subfield>
    <subfield code="0">(CaOONL)ncf10249167</subfield>
  </datafield>
</record>