
<record>
  <leader>01060nz  a2200253n  4500</leader>
  <controlfield tag="001">11257508</controlfield>
  <controlfield tag="003">DLC</controlfield>
  <controlfield tag="005">20200103073011.0</controlfield>
  <controlfield tag="008">200102n| azannaabn          |b aaa     c</controlfield>
  <datafield tag="010" ind1=" " ind2=" ">
    <subfield code="a">no2020000054</subfield>
  </datafield>
  <datafield tag="035" ind1=" " ind2=" ">
    <subfield code="a">(OCoLC)oca12667595</subfield>
  </datafield>
  <datafield tag="040" ind1=" " ind2=" ">
    <subfield code="a">NNC-EA</subfield>
    <subfield code="b">eng</subfield>
    <subfield code="e">rda</subfield>
    <subfield code="c">NNC</subfield>
  </datafield>
  <datafield tag="046" ind1=" " ind2=" ">
    <subfield code="f">1928</subfield>
    <subfield code="2">edtf</subfield>
  </datafield>
  <datafield tag="100" ind1="1" ind2=" ">
    <subfield code="a">Andō, Yoshinori,</subfield>
    <subfield code="d">1928-</subfield>
  </datafield>
  <datafield tag="370" ind1=" " ind2=" ">
    <subfield code="a">Tokyo (Japan)</subfield>
    <subfield code="2">naf</subfield>
  </datafield>
  <datafield tag="373" ind1=" " ind2=" ">
    <subfield code="a">Kyūshū Geijutsu Kōka Daigaku</subfield>
    <subfield code="2">naf</subfield>
  </datafield>
  <datafield tag="373" ind1=" " ind2=" ">
    <subfield code="a">Tōkyō Jōhō Daigaku</subfield>
  </datafield>
  <datafield tag="377" ind1=" " ind2=" ">
    <subfield code="a">jpn</subfield>
  </datafield>
  <datafield tag="400" ind1="1" ind2=" ">
    <subfield code="a">Andou, Yoshinori,</subfield>
    <subfield code="d">1928-</subfield>
  </datafield>
  <datafield tag="400" ind1="1" ind2=" ">
    <subfield code="a">安藤由典,</subfield>
    <subfield code="d">1928-</subfield>
  </datafield>
  <datafield tag="667" ind1=" " ind2=" ">
    <subfield code="a">Non-Latin script reference not evaluated</subfield>
  </datafield>
  <datafield tag="670" ind1=" " ind2=" ">
    <subfield code="a">Gakki no onkyōgaku, 1996:</subfield>
    <subfield code="b">t.p. (安藤由典 = Andō Yoshinori) colophon (r; copr.: Yoshinori Andou [in rom.]; b. Shōwa 3 [1938], Tōkyō; doctor in engineering, Shōwa 47 [1972]; with Kyūshū Geijutsu Kōka Daigaku, Tōkyō Jōhō Daigaku)</subfield>
  </datafield>
  <datafield tag="670" ind1=" " ind2=" ">
    <subfield code="a">LC database, Jan. 2, 2020</subfield>
    <subfield code="b">(access point: Andō, Yoshinori, 1928- )</subfield>
  </datafield>
  <datafield tag="672" ind1=" " ind2="0">
    <subfield code="a">Gakki no onkyōgaku</subfield>
    <subfield code="f">1996</subfield>
    <subfield code="w">(OCoLC)47324104</subfield>
    <subfield code="w">(OCoLC)674924274</subfield>
  </datafield>
</record>