
<record>
  <leader>00658nz  a2200181n  4500</leader>
  <controlfield tag="001">11257509</controlfield>
  <controlfield tag="003">DLC</controlfield>
  <controlfield tag="005">20200103073011.0</controlfield>
  <controlfield tag="008">200102n| azannaabn          |n aaa     c</controlfield>
  <datafield tag="010" ind1=" " ind2=" ">
    <subfield code="a">no2020000055</subfield>
  </datafield>
  <datafield tag="035" ind1=" " ind2=" ">
    <subfield code="a">(OCoLC)oca12667596</subfield>
  </datafield>
  <datafield tag="040" ind1=" " ind2=" ">
    <subfield code="a">NJQ</subfield>
    <subfield code="b">eng</subfield>
    <subfield code="e">rda</subfield>
    <subfield code="c">NJQ</subfield>
  </datafield>
  <datafield tag="100" ind1="1" ind2=" ">
    <subfield code="a">Wolstenholme, Lisa</subfield>
  </datafield>
  <datafield tag="370" ind1=" " ind2=" ">
    <subfield code="e">Western Australia</subfield>
    <subfield code="2">naf</subfield>
  </datafield>
  <datafield tag="374" ind1=" " ind2=" ">
    <subfield code="a">Authors</subfield>
    <subfield code="2">lcsh</subfield>
  </datafield>
  <datafield tag="375" ind1=" " ind2=" ">
    <subfield code="a">Females</subfield>
    <subfield code="2">lcdgt</subfield>
  </datafield>
  <datafield tag="377" ind1=" " ind2=" ">
    <subfield code="a">eng</subfield>
  </datafield>
  <datafield tag="670" ind1=" " ind2=" ">
    <subfield code="a">The sunrise girl, [2019] :</subfield>
    <subfield code="b">title page (Lisa Wolstenholme) ; author bio page (a mother, wife and author, she works for the KSP Writers&apos; Centre in Greenmount, Western Australia. She has published several short stories, this is her debut novel)</subfield>
  </datafield>
</record>