
<record>
  <leader>00920nz  a2200205n  4500</leader>
  <controlfield tag="001">11257511</controlfield>
  <controlfield tag="003">DLC</controlfield>
  <controlfield tag="005">20200103073011.0</controlfield>
  <controlfield tag="008">200102n| azannaabn          |n aaa     c</controlfield>
  <datafield tag="010" ind1=" " ind2=" ">
    <subfield code="a">no2020000057</subfield>
  </datafield>
  <datafield tag="035" ind1=" " ind2=" ">
    <subfield code="a">(OCoLC)oca12667598</subfield>
  </datafield>
  <datafield tag="040" ind1=" " ind2=" ">
    <subfield code="a">IAhCCS</subfield>
    <subfield code="b">eng</subfield>
    <subfield code="e">rda</subfield>
    <subfield code="c">IAhCCS</subfield>
  </datafield>
  <datafield tag="100" ind1="1" ind2=" ">
    <subfield code="a">Centrae, Avanti</subfield>
  </datafield>
  <datafield tag="370" ind1=" " ind2=" ">
    <subfield code="e">California, Northern</subfield>
    <subfield code="2">naf</subfield>
  </datafield>
  <datafield tag="372" ind1=" " ind2=" ">
    <subfield code="a">Suspense fiction</subfield>
    <subfield code="2">lcsh</subfield>
  </datafield>
  <datafield tag="374" ind1=" " ind2=" ">
    <subfield code="a">Authors</subfield>
    <subfield code="2">lcsh</subfield>
  </datafield>
  <datafield tag="375" ind1=" " ind2=" ">
    <subfield code="a">females</subfield>
    <subfield code="2">lcdgt</subfield>
  </datafield>
  <datafield tag="377" ind1=" " ind2=" ">
    <subfield code="a">eng</subfield>
  </datafield>
  <datafield tag="670" ind1=" " ind2=" ">
    <subfield code="a">Centrae, Avanti. The lost power, 2019:</subfield>
    <subfield code="b">title page (Avanti Centrae)</subfield>
  </datafield>
  <datafield tag="670" ind1=" " ind2=" ">
    <subfield code="a">Author&apos;s web-site, viewed Jan. 2, 2020</subfield>
    <subfield code="b">about (Avanti Centrae is the author of the international award-winning VanOps thriller series. An instant Barnes and Noble Nook bestseller, The Lost Power took home a genre grand prize ribbon at the Chanticleer International Book Awards, and an Honorable Mention at the 2018 Hollywood Book Festival. She resides in Northern California)</subfield>
  </datafield>
</record>