
<record>
  <leader>00841nz  a2200169n  4500</leader>
  <controlfield tag="001">11257513</controlfield>
  <controlfield tag="003">DLC</controlfield>
  <controlfield tag="005">20200103073011.0</controlfield>
  <controlfield tag="008">200102n| azannaabn          |n aaa     c</controlfield>
  <datafield tag="010" ind1=" " ind2=" ">
    <subfield code="a">no2020000059</subfield>
  </datafield>
  <datafield tag="035" ind1=" " ind2=" ">
    <subfield code="a">(OCoLC)oca12667600</subfield>
  </datafield>
  <datafield tag="040" ind1=" " ind2=" ">
    <subfield code="a">MoU</subfield>
    <subfield code="b">eng</subfield>
    <subfield code="e">rda</subfield>
    <subfield code="c">MoU</subfield>
  </datafield>
  <datafield tag="100" ind1="1" ind2=" ">
    <subfield code="a">Wise, Jean-Marc</subfield>
  </datafield>
  <datafield tag="372" ind1=" " ind2=" ">
    <subfield code="a">Instructional systems--Design</subfield>
    <subfield code="2">lcsh</subfield>
  </datafield>
  <datafield tag="373" ind1=" " ind2=" ">
    <subfield code="a">Walden University (Minneapolis, Minn.)</subfield>
    <subfield code="a">Florida State University</subfield>
    <subfield code="2">naf</subfield>
  </datafield>
  <datafield tag="670" ind1=" " ind2=" ">
    <subfield code="a">Milakovich, Michael E. Digital learning, 2019:</subfield>
    <subfield code="b">title page (Michael E. Milakovich, PhD, University of Miami, USA, and Jean-Marc Wise, PhD, Walden University, USA) back cover (Jean-Marc Wise is a Learning Architect at Walden University, USA)</subfield>
  </datafield>
  <datafield tag="670" ind1=" " ind2=" ">
    <subfield code="a">Jean-Marc Wise&apos;s curriculum vitae, dated December 12, 2014, viewed January 2, 2020</subfield>
    <subfield code="b">(Ph.D., Florida State University, 2011, major: instructional systems)</subfield>
  </datafield>
</record>