
<record>
  <leader>00859nz  a2200181n  4500</leader>
  <controlfield tag="001">11257514</controlfield>
  <controlfield tag="003">DLC</controlfield>
  <controlfield tag="005">20200103073011.0</controlfield>
  <controlfield tag="008">200102n| azannaabn          |a aaa     c</controlfield>
  <datafield tag="010" ind1=" " ind2=" ">
    <subfield code="a">no2020000060</subfield>
  </datafield>
  <datafield tag="035" ind1=" " ind2=" ">
    <subfield code="a">(OCoLC)oca12667601</subfield>
  </datafield>
  <datafield tag="040" ind1=" " ind2=" ">
    <subfield code="a">DGU</subfield>
    <subfield code="b">eng</subfield>
    <subfield code="e">rda</subfield>
    <subfield code="c">DGU</subfield>
  </datafield>
  <datafield tag="100" ind1="1" ind2=" ">
    <subfield code="a">Viadano, Maximilien de,</subfield>
    <subfield code="c">comte</subfield>
  </datafield>
  <datafield tag="377" ind1=" " ind2=" ">
    <subfield code="a">fre</subfield>
  </datafield>
  <datafield tag="400" ind1="1" ind2=" ">
    <subfield code="a">De Viadano, Maximilien,</subfield>
    <subfield code="c">comte</subfield>
  </datafield>
  <datafield tag="670" ind1=" " ind2=" ">
    <subfield code="a">Ordre Chapitral d&apos;Ancienne Noblesse des Quatre Empereurs d&apos;Allemagne, 1866:</subfield>
    <subfield code="b">title page (Le Comte Maximilien de Viadano, commandeur de l&apos;Ordre des Quatre Empereurs)</subfield>
  </datafield>
  <datafield tag="670" ind1=" " ind2=" ">
    <subfield code="a">Notice historique des ordres de chevalerie appartenant à la maison royale des princes de Gonzaga, ducs de Mantoue, 1863:</subfield>
    <subfield code="b">page 28 (Le Comte Maximilien de Viadano)</subfield>
  </datafield>
  <datafield tag="670" ind1=" " ind2=" ">
    <subfield code="a">Vatican Library in VIAF, January 2, 2020:</subfield>
    <subfield code="b">(heading: Viadano, Maximilien de)</subfield>
    <subfield code="u">https://viaf.org/processed/BAV%7CADV11193288</subfield>
  </datafield>
</record>