
<record>
  <leader>01341nz  a2200241n  4500</leader>
  <controlfield tag="001">11257515</controlfield>
  <controlfield tag="003">DLC</controlfield>
  <controlfield tag="005">20200103073011.0</controlfield>
  <controlfield tag="008">200102nc azannaabn          |b aaa     c</controlfield>
  <datafield tag="010" ind1=" " ind2=" ">
    <subfield code="a">no2020000061</subfield>
  </datafield>
  <datafield tag="035" ind1=" " ind2=" ">
    <subfield code="a">(OCoLC)oca12667602</subfield>
  </datafield>
  <datafield tag="040" ind1=" " ind2=" ">
    <subfield code="a">HkU</subfield>
    <subfield code="b">eng</subfield>
    <subfield code="e">rda</subfield>
    <subfield code="c">HkU</subfield>
  </datafield>
  <datafield tag="100" ind1="1" ind2=" ">
    <subfield code="a">Mao, Sheng</subfield>
    <subfield code="c">(Researcher on history)</subfield>
  </datafield>
  <datafield tag="370" ind1=" " ind2=" ">
    <subfield code="e">Hong Kong (China)</subfield>
    <subfield code="2">naf</subfield>
  </datafield>
  <datafield tag="371" ind1=" " ind2=" ">
    <subfield code="m">shengmao@LN.edu.hk</subfield>
  </datafield>
  <datafield tag="372" ind1=" " ind2=" ">
    <subfield code="a">Boundaries</subfield>
    <subfield code="a">International relations</subfield>
    <subfield code="a">China--History</subfield>
    <subfield code="2">lcsh</subfield>
  </datafield>
  <datafield tag="373" ind1=" " ind2=" ">
    <subfield code="a">Lingnan University (Hong Kong, China). Department of History</subfield>
  </datafield>
  <datafield tag="374" ind1=" " ind2=" ">
    <subfield code="a">University and college faculty members</subfield>
    <subfield code="2">lcdgt</subfield>
  </datafield>
  <datafield tag="377" ind1=" " ind2=" ">
    <subfield code="a">chi</subfield>
    <subfield code="a">eng</subfield>
  </datafield>
  <datafield tag="400" ind1="1" ind2=" ">
    <subfield code="a">毛升</subfield>
    <subfield code="c">(Researcher on history)</subfield>
  </datafield>
  <datafield tag="667" ind1=" " ind2=" ">
    <subfield code="a">Non-Latin script reference not evaluated.</subfield>
  </datafield>
  <datafield tag="670" ind1=" " ind2=" ">
    <subfield code="a">Zhongguo he Riben, [2019]:</subfield>
    <subfield code="b">title page (毛升 = Mao Sheng) front cover flap (Ph.D. in history, University of Pennsylvania; teaching at Department of History, Lingnan University; research areas: border and frontier studies, modern international relations, history of PRC)</subfield>
  </datafield>
  <datafield tag="670" ind1=" " ind2=" ">
    <subfield code="a">Lingnan University WWW site, viewed December 12, 2019</subfield>
    <subfield code="b">(毛升 = Mao Sheng; lecturer; email: shengmao@LN.edu.hk; Ph.D., University of Pennsylvania, Department of History, 2017; area of interest: border and frontier studies, transnational history, history of PRC, Chinese humor)</subfield>
    <subfield code="u">https://www.ln.edu.hk/history/staff/mao.php</subfield>
  </datafield>
</record>