
<record>
  <leader>00711nz  a2200193n  4500</leader>
  <controlfield tag="001">11257518</controlfield>
  <controlfield tag="003">DLC</controlfield>
  <controlfield tag="005">20200103073011.0</controlfield>
  <controlfield tag="008">200102n| azannaabn          |a aaa     c</controlfield>
  <datafield tag="010" ind1=" " ind2=" ">
    <subfield code="a">no2020000064</subfield>
  </datafield>
  <datafield tag="035" ind1=" " ind2=" ">
    <subfield code="a">(OCoLC)oca12667605</subfield>
  </datafield>
  <datafield tag="040" ind1=" " ind2=" ">
    <subfield code="a">MnU</subfield>
    <subfield code="b">eng</subfield>
    <subfield code="e">rda</subfield>
    <subfield code="c">MnU</subfield>
  </datafield>
  <datafield tag="100" ind1="1" ind2=" ">
    <subfield code="a">Ellis, Edward Sylvester,</subfield>
    <subfield code="d">1840-1916.</subfield>
    <subfield code="t">Ned on the river.</subfield>
    <subfield code="l">Danish</subfield>
  </datafield>
  <datafield tag="377" ind1=" " ind2=" ">
    <subfield code="a">dan</subfield>
  </datafield>
  <datafield tag="380" ind1=" " ind2=" ">
    <subfield code="a">Novels</subfield>
    <subfield code="a">Historical fiction</subfield>
    <subfield code="a">Action and adventure fiction</subfield>
    <subfield code="2">lcgft</subfield>
  </datafield>
  <datafield tag="381" ind1=" " ind2=" ">
    <subfield code="a">Jerndorff-Jessen</subfield>
  </datafield>
  <datafield tag="400" ind1="1" ind2=" ">
    <subfield code="a">Ellis, Edward Sylvester,</subfield>
    <subfield code="d">1840-1916.</subfield>
    <subfield code="t">Nybyggerne paa flodprammen</subfield>
  </datafield>
  <datafield tag="500" ind1="1" ind2=" ">
    <subfield code="w">r</subfield>
    <subfield code="i">Translator</subfield>
    <subfield code="a">Jerndorff-Jesse, P.</subfield>
    <subfield code="q">(Peter),</subfield>
    <subfield code="d">1853-1942</subfield>
  </datafield>
  <datafield tag="670" ind1=" " ind2=" ">
    <subfield code="a">Nybyggerne paa flodprammen, 1933:</subfield>
    <subfield code="b">title page verso (oversat af P. Jerndorff-Jessen)</subfield>
  </datafield>
</record>