
<record>
  <leader>00876nz  a2200217n  4500</leader>
  <controlfield tag="001">11257520</controlfield>
  <controlfield tag="003">DLC</controlfield>
  <controlfield tag="005">20200103073011.0</controlfield>
  <controlfield tag="008">200102n| azannaabn          |b aaa     c</controlfield>
  <datafield tag="010" ind1=" " ind2=" ">
    <subfield code="a">no2020000066</subfield>
  </datafield>
  <datafield tag="035" ind1=" " ind2=" ">
    <subfield code="a">(OCoLC)oca12667607</subfield>
  </datafield>
  <datafield tag="040" ind1=" " ind2=" ">
    <subfield code="a">InU</subfield>
    <subfield code="b">eng</subfield>
    <subfield code="e">rda</subfield>
    <subfield code="c">InU</subfield>
  </datafield>
  <datafield tag="046" ind1=" " ind2=" ">
    <subfield code="f">1968-05-19</subfield>
    <subfield code="2">edtf</subfield>
  </datafield>
  <datafield tag="100" ind1="1" ind2=" ">
    <subfield code="a">Kostenko, S. I︠U︡.</subfield>
    <subfield code="q">(Sergeĭ I︠U︡rʹevich),</subfield>
    <subfield code="d">1968-</subfield>
  </datafield>
  <datafield tag="375" ind1=" " ind2=" ">
    <subfield code="a">Males</subfield>
    <subfield code="2">lcdgt</subfield>
  </datafield>
  <datafield tag="377" ind1=" " ind2=" ">
    <subfield code="a">rus</subfield>
  </datafield>
  <datafield tag="400" ind1="1" ind2=" ">
    <subfield code="a">Костенко, С. Ю.</subfield>
    <subfield code="q">(Сергей Юрьевич),</subfield>
    <subfield code="d">1968-</subfield>
  </datafield>
  <datafield tag="400" ind1="1" ind2=" ">
    <subfield code="a">Kostenko, Sergeĭ I︠U︡rʹevich,</subfield>
    <subfield code="d">1968-</subfield>
  </datafield>
  <datafield tag="667" ind1=" " ind2=" ">
    <subfield code="a">Non-Latin script reference not evaluated.</subfield>
  </datafield>
  <datafield tag="670" ind1=" " ind2=" ">
    <subfield code="a">Rossii︠a︡ i Germanii︠a︡ v kont︠s︡e XX-nachale XXI veka, 2017:</subfield>
    <subfield code="b">title page (S.I︠U︡. Kostenko) colophon (Kostenko Sergeĭ I︠U︡rʹevich)</subfield>
  </datafield>
  <datafield tag="670" ind1=" " ind2=" ">
    <subfield code="a">PrimaMedia.ru, January 2, 2020</subfield>
    <subfield code="b">(Kostenko Sergeĭ I︠U︡rʹevich; born May 19, 1968)</subfield>
  </datafield>
</record>