
<record>
  <leader>00927nz  a2200217n  4500</leader>
  <controlfield tag="001">11257523</controlfield>
  <controlfield tag="003">DLC</controlfield>
  <controlfield tag="005">20200103073011.0</controlfield>
  <controlfield tag="008">200102n| azannaabn          |a aaa     c</controlfield>
  <datafield tag="010" ind1=" " ind2=" ">
    <subfield code="a">no2020000069</subfield>
  </datafield>
  <datafield tag="035" ind1=" " ind2=" ">
    <subfield code="a">(OCoLC)oca12667610</subfield>
  </datafield>
  <datafield tag="040" ind1=" " ind2=" ">
    <subfield code="a">DNGA</subfield>
    <subfield code="b">eng</subfield>
    <subfield code="e">rda</subfield>
    <subfield code="c">DNGA</subfield>
  </datafield>
  <datafield tag="046" ind1=" " ind2=" ">
    <subfield code="f">1722</subfield>
    <subfield code="g">1781-03-21</subfield>
    <subfield code="2">edtf</subfield>
  </datafield>
  <datafield tag="100" ind1="1" ind2=" ">
    <subfield code="a">Alexandre y Ezquerra, José,</subfield>
    <subfield code="d">1722-1781</subfield>
  </datafield>
  <datafield tag="370" ind1=" " ind2=" ">
    <subfield code="a">Zaragoza (Spain)</subfield>
    <subfield code="b">Seville (Spain)</subfield>
    <subfield code="c">Spain</subfield>
    <subfield code="e">Seville (Spain)</subfield>
    <subfield code="2">naf</subfield>
  </datafield>
  <datafield tag="372" ind1=" " ind2=" ">
    <subfield code="a">Silverwork</subfield>
    <subfield code="2">lcsh</subfield>
  </datafield>
  <datafield tag="374" ind1=" " ind2=" ">
    <subfield code="a">Silversmiths</subfield>
    <subfield code="2">lcsh</subfield>
  </datafield>
  <datafield tag="375" ind1=" " ind2=" ">
    <subfield code="a">Males</subfield>
    <subfield code="2">lcdgt</subfield>
  </datafield>
  <datafield tag="400" ind1="1" ind2=" ">
    <subfield code="a">Ezquerra, José Alexandre y,</subfield>
    <subfield code="d">1722-1781</subfield>
  </datafield>
  <datafield tag="670" ind1=" " ind2=" ">
    <subfield code="a">José Alexandre y Ezquerra y el triunfo de la rocalla en la platería sevillana, 2018:</subfield>
    <subfield code="b">front cover flap  (José Alexandre y Ezquerra, 1722-1781; silversmith) p. 18 (baptized Nov. 27, 1722, Zaragoza) p. 28 (d. Mar. 21, 1781, Seville)</subfield>
  </datafield>
  <datafield tag="670" ind1=" " ind2=" ">
    <subfield code="a">BNE in VIAF, Jan. 2, 2020</subfield>
    <subfield code="b">(access point: Alexandre y Ezquerra, José, 1722-1781)</subfield>
  </datafield>
</record>