
<record>
  <leader>01448nz  a2200217n  4500</leader>
  <controlfield tag="001">11257529</controlfield>
  <controlfield tag="003">DLC</controlfield>
  <controlfield tag="005">20200103073011.0</controlfield>
  <controlfield tag="008">200102n| azannaabn          |n aaa     c</controlfield>
  <datafield tag="010" ind1=" " ind2=" ">
    <subfield code="a">no2020000075</subfield>
  </datafield>
  <datafield tag="035" ind1=" " ind2=" ">
    <subfield code="a">(OCoLC)oca12667616</subfield>
  </datafield>
  <datafield tag="040" ind1=" " ind2=" ">
    <subfield code="a">NcU</subfield>
    <subfield code="b">eng</subfield>
    <subfield code="e">rda</subfield>
    <subfield code="c">NcU</subfield>
  </datafield>
  <datafield tag="046" ind1=" " ind2=" ">
    <subfield code="f">1976</subfield>
    <subfield code="2">edtf</subfield>
  </datafield>
  <datafield tag="053" ind1=" " ind2="4">
    <subfield code="a">PR6119.H357</subfield>
    <subfield code="5">NcU</subfield>
  </datafield>
  <datafield tag="100" ind1="1" ind2=" ">
    <subfield code="a">Shani, Tai,</subfield>
    <subfield code="d">1976-</subfield>
  </datafield>
  <datafield tag="370" ind1=" " ind2=" ">
    <subfield code="a">London (England)</subfield>
    <subfield code="c">Great Britain</subfield>
    <subfield code="2">naf</subfield>
  </datafield>
  <datafield tag="374" ind1=" " ind2=" ">
    <subfield code="a">Artists</subfield>
    <subfield code="a">Authors</subfield>
    <subfield code="a">College teachers</subfield>
    <subfield code="2">lcsh</subfield>
  </datafield>
  <datafield tag="375" ind1=" " ind2=" ">
    <subfield code="a">female</subfield>
  </datafield>
  <datafield tag="377" ind1=" " ind2=" ">
    <subfield code="a">eng</subfield>
  </datafield>
  <datafield tag="670" ind1=" " ind2=" ">
    <subfield code="a">Shani, Tai. Our fatal magic, 2019:</subfield>
    <subfield code="b">title page (Tai Shani) back cover flap (artist whose multidisciplinary practice, comprising performance, film, photography, and installation, revolves around experimental narrative texts. These alternate between familiar narrative tropes and structures and theoretical prose, in order to explore the construction of feminine subjectivity, excess, affect, and the epic as the ground for a radical, post-patriarchal realism; tutor in contemporary art pracice at Royal College of Art)</subfield>
  </datafield>
  <datafield tag="670" ind1=" " ind2=" ">
    <subfield code="a">Wikipedia WWW page 2 January, 2020:</subfield>
    <subfield code="b">Tai Shani (b. 1976, London; British artist who uses performance, film, photography, sculptural installations and experimental texts to explore forgotten histories and stories; currently tutor in contermporary art practice at the Royal College of Art; in 2019 her work DC: Semiramis was nominated for the Turner Prize, which she was awarded, along with 3 other artists)</subfield>
  </datafield>
</record>