
<record>
  <leader>00621nz  a2200181n  4500</leader>
  <controlfield tag="001">11257530</controlfield>
  <controlfield tag="003">DLC</controlfield>
  <controlfield tag="005">20200103073011.0</controlfield>
  <controlfield tag="008">200102n| azannaabn          |a aaa     c</controlfield>
  <datafield tag="010" ind1=" " ind2=" ">
    <subfield code="a">no2020000076</subfield>
  </datafield>
  <datafield tag="035" ind1=" " ind2=" ">
    <subfield code="a">(OCoLC)oca12667617</subfield>
  </datafield>
  <datafield tag="040" ind1=" " ind2=" ">
    <subfield code="a">ICrlF</subfield>
    <subfield code="b">eng</subfield>
    <subfield code="e">rda</subfield>
    <subfield code="c">ICrlF</subfield>
  </datafield>
  <datafield tag="046" ind1=" " ind2=" ">
    <subfield code="k">2012</subfield>
    <subfield code="2">edtf</subfield>
  </datafield>
  <datafield tag="100" ind1="1" ind2=" ">
    <subfield code="a">Frank, Anne,</subfield>
    <subfield code="d">1929-1945.</subfield>
    <subfield code="t">Achterhuis.</subfield>
    <subfield code="l">Persian</subfield>
  </datafield>
  <datafield tag="377" ind1=" " ind2=" ">
    <subfield code="a">per</subfield>
  </datafield>
  <datafield tag="381" ind1=" " ind2=" ">
    <subfield code="a">Wedad</subfield>
  </datafield>
  <datafield tag="400" ind1="1" ind2=" ">
    <subfield code="a">Frank, Anne,</subfield>
    <subfield code="d">1929-1945.</subfield>
    <subfield code="t">Anah Frank khaṭirāt yak</subfield>
  </datafield>
  <datafield tag="670" ind1=" " ind2=" ">
    <subfield code="a">Frank, Anne. Anah Frank khaṭirāt yak, 2012:</subfield>
    <subfield code="b">colophon (translated from the Dutch into Persian Dari or Farsi by Kahlil Wedad in Amsterdam, Netherlands)</subfield>
  </datafield>
</record>