
<record>
  <leader>00647nz  a2200193n  4500</leader>
  <controlfield tag="001">11257538</controlfield>
  <controlfield tag="003">DLC</controlfield>
  <controlfield tag="005">20200103073012.0</controlfield>
  <controlfield tag="008">200102n| azannaabn          |a aaa     c</controlfield>
  <datafield tag="010" ind1=" " ind2=" ">
    <subfield code="a">no2020000085</subfield>
  </datafield>
  <datafield tag="035" ind1=" " ind2=" ">
    <subfield code="a">(OCoLC)oca12667626</subfield>
  </datafield>
  <datafield tag="040" ind1=" " ind2=" ">
    <subfield code="a">MnU</subfield>
    <subfield code="b">eng</subfield>
    <subfield code="e">rda</subfield>
    <subfield code="c">MnU</subfield>
  </datafield>
  <datafield tag="100" ind1="1" ind2=" ">
    <subfield code="a">Ellis, Edward Sylvester,</subfield>
    <subfield code="d">1840-1916.</subfield>
    <subfield code="t">Blazing Arrow.</subfield>
    <subfield code="l">Norwegian</subfield>
  </datafield>
  <datafield tag="377" ind1=" " ind2=" ">
    <subfield code="a">nor</subfield>
  </datafield>
  <datafield tag="380" ind1=" " ind2=" ">
    <subfield code="a">Novels</subfield>
    <subfield code="a">Action and adventure fiction</subfield>
    <subfield code="2">lcgft</subfield>
  </datafield>
  <datafield tag="381" ind1=" " ind2=" ">
    <subfield code="a">Kviland</subfield>
  </datafield>
  <datafield tag="400" ind1="1" ind2=" ">
    <subfield code="a">Ellis, Edward Sylvester,</subfield>
    <subfield code="d">1840-1916.</subfield>
    <subfield code="t">Idpilen</subfield>
  </datafield>
  <datafield tag="500" ind1="1" ind2=" ">
    <subfield code="w">r</subfield>
    <subfield code="i">Translator</subfield>
    <subfield code="a">Kviland, Tore</subfield>
  </datafield>
  <datafield tag="670" ind1=" " ind2=" ">
    <subfield code="a">Ildpilen, 1957:</subfield>
    <subfield code="b">title page (oversatt av Tore Kviland) verso (originalens titel: Blazing Arrow)</subfield>
  </datafield>
</record>