
<record>
  <leader>00836nz  a2200193n  4500</leader>
  <controlfield tag="001">11257539</controlfield>
  <controlfield tag="003">DLC</controlfield>
  <controlfield tag="005">20200103073012.0</controlfield>
  <controlfield tag="008">200102n| azannaabn          |a aaa     c</controlfield>
  <datafield tag="010" ind1=" " ind2=" ">
    <subfield code="a">no2020000086</subfield>
  </datafield>
  <datafield tag="035" ind1=" " ind2=" ">
    <subfield code="a">(OCoLC)oca12667627</subfield>
  </datafield>
  <datafield tag="040" ind1=" " ind2=" ">
    <subfield code="a">MoSU</subfield>
    <subfield code="b">eng</subfield>
    <subfield code="e">rda</subfield>
    <subfield code="c">MoSU</subfield>
  </datafield>
  <datafield tag="046" ind1=" " ind2=" ">
    <subfield code="k">1974</subfield>
  </datafield>
  <datafield tag="100" ind1="1" ind2=" ">
    <subfield code="a">Peckham, John,</subfield>
    <subfield code="d">-1292.</subfield>
    <subfield code="t">De aeternitate mundi.</subfield>
    <subfield code="l">Latin</subfield>
    <subfield code="s">(Brady)</subfield>
  </datafield>
  <datafield tag="377" ind1=" " ind2=" ">
    <subfield code="a">lat</subfield>
  </datafield>
  <datafield tag="381" ind1=" " ind2=" ">
    <subfield code="a">Brady</subfield>
  </datafield>
  <datafield tag="500" ind1="1" ind2=" ">
    <subfield code="w">r</subfield>
    <subfield code="i">Editor:</subfield>
    <subfield code="a">Brady, Ignatius C.</subfield>
  </datafield>
  <datafield tag="670" ind1=" " ind2=" ">
    <subfield code="a">Peckham, John. Questions concerning the eternity of the world, 1993:</subfield>
    <subfield code="b">page vi (John Pecham&apos;s De aeternitate mundi) title page verso (Latin text is in the edition prepared by Ignatius Brady, as published in 1974 in the monograph &quot;St. Thomas Aquinas, 1274-1974: commemorative studies&quot;)</subfield>
  </datafield>
  <datafield tag="670" ind1=" " ind2=" ">
    <subfield code="a">LC/NACO authority file, January 2, 2020</subfield>
    <subfield code="b">(Peckham, John, -1292. De aeternitate mundi)</subfield>
  </datafield>
</record>