
<record>
  <leader>00900nz  a2200217n  4500</leader>
  <controlfield tag="001">11257540</controlfield>
  <controlfield tag="003">DLC</controlfield>
  <controlfield tag="005">20200103073012.0</controlfield>
  <controlfield tag="008">200102n| azannaabn          |b aaa     c</controlfield>
  <datafield tag="010" ind1=" " ind2=" ">
    <subfield code="a">no2020000087</subfield>
  </datafield>
  <datafield tag="035" ind1=" " ind2=" ">
    <subfield code="a">(OCoLC)oca12667628</subfield>
  </datafield>
  <datafield tag="040" ind1=" " ind2=" ">
    <subfield code="a">ICrlF</subfield>
    <subfield code="b">eng</subfield>
    <subfield code="e">rda</subfield>
    <subfield code="c">ICrlF</subfield>
  </datafield>
  <datafield tag="100" ind1="0" ind2=" ">
    <subfield code="a">tMnR</subfield>
    <subfield code="c">(Mangaka).</subfield>
    <subfield code="t">Tatoe todokanu ito dato shitemo.</subfield>
    <subfield code="l">English</subfield>
  </datafield>
  <datafield tag="377" ind1=" " ind2=" ">
    <subfield code="a">eng</subfield>
  </datafield>
  <datafield tag="381" ind1=" " ind2=" ">
    <subfield code="a">Taylor</subfield>
  </datafield>
  <datafield tag="400" ind1="0" ind2=" ">
    <subfield code="a">tMnR</subfield>
    <subfield code="c">(Mangaka).</subfield>
    <subfield code="t">Tatoe todokanu itodatoshitemo.</subfield>
    <subfield code="l">English</subfield>
  </datafield>
  <datafield tag="400" ind1="0" ind2=" ">
    <subfield code="a">tMnR</subfield>
    <subfield code="c">(Mangaka).</subfield>
    <subfield code="t">たとえとどかぬ糸だとしても.</subfield>
    <subfield code="l">English</subfield>
  </datafield>
  <datafield tag="400" ind1="0" ind2=" ">
    <subfield code="a">tMnR</subfield>
    <subfield code="c">(Mangaka).</subfield>
    <subfield code="t">If I could reach you</subfield>
  </datafield>
  <datafield tag="667" ind1=" " ind2=" ">
    <subfield code="a">Non-Latin script reference not evaluated.</subfield>
  </datafield>
  <datafield tag="670" ind1=" " ind2=" ">
    <subfield code="a">tMnR. If I could reach you. 1, 2019 :</subfield>
    <subfield code="b">colophon (Translation: Diana Taylor. First published in Japan as Tatoe todokanu itodatoshitemo)</subfield>
  </datafield>
  <datafield tag="670" ind1=" " ind2=" ">
    <subfield code="a">National Diet Library, Japan on VIAF, Dec. 31, 2019 :</subfield>
    <subfield code="b">(tMnR. Tatoe todokanu ito dato shitemo)</subfield>
  </datafield>
</record>