
<record>
  <leader>00871nz  a2200181n  4500</leader>
  <controlfield tag="001">11257545</controlfield>
  <controlfield tag="003">DLC</controlfield>
  <controlfield tag="005">20200103073012.0</controlfield>
  <controlfield tag="008">200102n| azannaabn          |b ana     c</controlfield>
  <datafield tag="010" ind1=" " ind2=" ">
    <subfield code="a">no2020000092</subfield>
  </datafield>
  <datafield tag="035" ind1=" " ind2=" ">
    <subfield code="a">(OCoLC)oca12667633</subfield>
  </datafield>
  <datafield tag="040" ind1=" " ind2=" ">
    <subfield code="a">InU</subfield>
    <subfield code="b">eng</subfield>
    <subfield code="e">rda</subfield>
    <subfield code="c">InU</subfield>
  </datafield>
  <datafield tag="110" ind1="2" ind2=" ">
    <subfield code="a">Sibirskai︠a︡ assot︠s︡iat︠s︡ii︠a︡ lingvistov-ėkspertov</subfield>
  </datafield>
  <datafield tag="410" ind1="2" ind2=" ">
    <subfield code="a">Сибирская ассоциация лингвистов-экспертов</subfield>
  </datafield>
  <datafield tag="410" ind1="2" ind2=" ">
    <subfield code="a">SIBALĖKS</subfield>
  </datafield>
  <datafield tag="410" ind1="2" ind2=" ">
    <subfield code="a">СИБАЛЭКС</subfield>
  </datafield>
  <datafield tag="667" ind1=" " ind2=" ">
    <subfield code="a">Non-Latin script reference not evaluated.</subfield>
  </datafield>
  <datafield tag="670" ind1=" " ind2=" ">
    <subfield code="a">Brinev, K.I. Spravochnik po sudebnoĭ lingvisticheskoĭ ėkspertize, 2019:</subfield>
    <subfield code="b">t.p. (Sibirskai︠a︡ assot︠s︡iat︠s︡ii︠a︡ lingvistov-ėkspertov) p. 193 (SIBALĖKS; association of specialists in forensic linguistics in Altaĭskiĭ kraĭ and in Novosibirskai︠a︡ &amp; Kemerovskai︠al oblasts)</subfield>
  </datafield>
</record>