
<record>
  <leader>01003nz  a2200217n  4500</leader>
  <controlfield tag="001">11257546</controlfield>
  <controlfield tag="003">DLC</controlfield>
  <controlfield tag="005">20200103073012.0</controlfield>
  <controlfield tag="008">200102n| azannaabn          |a aaa     c</controlfield>
  <datafield tag="010" ind1=" " ind2=" ">
    <subfield code="a">no2020000093</subfield>
  </datafield>
  <datafield tag="035" ind1=" " ind2=" ">
    <subfield code="a">(OCoLC)oca12667634</subfield>
  </datafield>
  <datafield tag="040" ind1=" " ind2=" ">
    <subfield code="a">NNC-EA</subfield>
    <subfield code="b">eng</subfield>
    <subfield code="e">rda</subfield>
    <subfield code="c">NNC</subfield>
  </datafield>
  <datafield tag="100" ind1="1" ind2=" ">
    <subfield code="a">Okuyama, Gihachirō,</subfield>
    <subfield code="d">1907-1981.</subfield>
    <subfield code="t">Prints.</subfield>
    <subfield code="k">Selections</subfield>
  </datafield>
  <datafield tag="370" ind1=" " ind2=" ">
    <subfield code="g">Matsudo-shi (Japan)</subfield>
    <subfield code="2">naf</subfield>
    <subfield code="v">Sōzō to dentō no mokuhan gaka, Okuyama Gihachirō ten, 1999</subfield>
  </datafield>
  <datafield tag="380" ind1=" " ind2=" ">
    <subfield code="a">Prints</subfield>
    <subfield code="2">lcsh</subfield>
  </datafield>
  <datafield tag="380" ind1=" " ind2=" ">
    <subfield code="a">Prints</subfield>
    <subfield code="2">lcgft</subfield>
  </datafield>
  <datafield tag="381" ind1=" " ind2=" ">
    <subfield code="a">Matsudo-shi Kyōiku Iinkai</subfield>
    <subfield code="2">naf</subfield>
    <subfield code="v">Sōzō to dentō no mokuhan gaka, Okuyama Gihachirō ten, 1999</subfield>
  </datafield>
  <datafield tag="381" ind1=" " ind2=" ">
    <subfield code="a">Selections</subfield>
  </datafield>
  <datafield tag="400" ind1="1" ind2=" ">
    <subfield code="a">Okuyama, Gihachirō,</subfield>
    <subfield code="d">1907-1981.</subfield>
    <subfield code="t">Sōzō to dentō no mokuhan gaka, Okuyama Gihachirō ten</subfield>
  </datafield>
  <datafield tag="400" ind1="1" ind2=" ">
    <subfield code="a">Okuyama, Gihachirō,</subfield>
    <subfield code="d">1907-1981.</subfield>
    <subfield code="t">Ten</subfield>
  </datafield>
  <datafield tag="670" ind1=" " ind2=" ">
    <subfield code="a">Sōzō to dentō no mokuhan gaka, Okuyama Gihachirō ten, 1999:</subfield>
    <subfield code="b">t.p. (創造と伝統の木版画家, 奥山儀八郎展 = Sōzō to dentō no mokuhan gaka, Okuyama Gihachirō ten)</subfield>
  </datafield>
</record>