
<record>
  <leader>00884nz  a2200169n  4500</leader>
  <controlfield tag="001">11257548</controlfield>
  <controlfield tag="003">DLC</controlfield>
  <controlfield tag="005">20200103073012.0</controlfield>
  <controlfield tag="008">200102n| azannaabn          |a aaa     c</controlfield>
  <datafield tag="010" ind1=" " ind2=" ">
    <subfield code="a">no2020000095</subfield>
  </datafield>
  <datafield tag="035" ind1=" " ind2=" ">
    <subfield code="a">(OCoLC)oca12667636</subfield>
  </datafield>
  <datafield tag="040" ind1=" " ind2=" ">
    <subfield code="a">MoSU</subfield>
    <subfield code="b">eng</subfield>
    <subfield code="e">rda</subfield>
    <subfield code="c">MoSU</subfield>
  </datafield>
  <datafield tag="046" ind1=" " ind2=" ">
    <subfield code="k">1270~</subfield>
    <subfield code="2">edtf</subfield>
  </datafield>
  <datafield tag="100" ind1="1" ind2=" ">
    <subfield code="a">Peckham, John,</subfield>
    <subfield code="d">-1292.</subfield>
    <subfield code="t">De aeternitate mundi</subfield>
  </datafield>
  <datafield tag="400" ind1="1" ind2=" ">
    <subfield code="a">Peckham, John,</subfield>
    <subfield code="d">-1292.</subfield>
    <subfield code="t">Quaestiones de aeternitate mundi</subfield>
  </datafield>
  <datafield tag="670" ind1=" " ind2=" ">
    <subfield code="a">Peckham, John. Questions concerning the eternity of the world, 1993:</subfield>
    <subfield code="b">page vi (John Pecham&apos;s De aeternitate mundi) pages xv-xvi (De aeternitate mundi; the text was probably presented by Peckham at the University of Paris around 1270, as part of his inceptio (or &quot;doctoral defense&quot;) page 1 (Johannis Pechami Quaestiones de aeternitate mundi)</subfield>
  </datafield>
  <datafield tag="670" ind1=" " ind2=" ">
    <subfield code="a">LC/NACO authority file, January 2, 2020</subfield>
    <subfield code="b">(Peckham, John, -1292. De aeternitate mundi. English &amp; Latin)</subfield>
  </datafield>
</record>