
<record>
  <leader>00757nz  a2200205n  4500</leader>
  <controlfield tag="001">11257550</controlfield>
  <controlfield tag="003">DLC</controlfield>
  <controlfield tag="005">20200103073012.0</controlfield>
  <controlfield tag="008">200102n| azannaabn          |n aaa     c</controlfield>
  <datafield tag="010" ind1=" " ind2=" ">
    <subfield code="a">no2020000097</subfield>
  </datafield>
  <datafield tag="035" ind1=" " ind2=" ">
    <subfield code="a">(OCoLC)oca12667638</subfield>
  </datafield>
  <datafield tag="040" ind1=" " ind2=" ">
    <subfield code="a">CtW</subfield>
    <subfield code="b">eng</subfield>
    <subfield code="e">rda</subfield>
    <subfield code="c">CtW</subfield>
  </datafield>
  <datafield tag="046" ind1=" " ind2=" ">
    <subfield code="f">1926</subfield>
    <subfield code="2">edtf</subfield>
  </datafield>
  <datafield tag="100" ind1="1" ind2=" ">
    <subfield code="a">Knapp, David,</subfield>
    <subfield code="d">1926-</subfield>
  </datafield>
  <datafield tag="370" ind1=" " ind2=" ">
    <subfield code="a">New York (N.Y.)</subfield>
  </datafield>
  <datafield tag="372" ind1=" " ind2=" ">
    <subfield code="a">Political activists</subfield>
    <subfield code="2">lcsh</subfield>
  </datafield>
  <datafield tag="373" ind1=" " ind2=" ">
    <subfield code="a">Wesleyan University (Middletown, Conn.)</subfield>
    <subfield code="t">1949</subfield>
  </datafield>
  <datafield tag="373" ind1=" " ind2=" ">
    <subfield code="a">Boy Scouts of America</subfield>
  </datafield>
  <datafield tag="670" ind1=" " ind2=" ">
    <subfield code="a">David Knapp letters:</subfield>
    <subfield code="b">(David Knapp; b. 1926 in New York, NY; graduated from Wesleyan University, 1949)</subfield>
  </datafield>
  <datafield tag="670" ind1=" " ind2=" ">
    <subfield code="a">Activist of the Year - David Knapp:</subfield>
    <subfield code="b">(Boy Scout District Executive; became activist after being ousted by the Boy Scouts when he was outed)</subfield>
  </datafield>
</record>