
<record>
  <leader>00586nz  a2200157n  4500</leader>
  <controlfield tag="001">11257551</controlfield>
  <controlfield tag="003">DLC</controlfield>
  <controlfield tag="005">20200103073012.0</controlfield>
  <controlfield tag="008">200102n| azannaabn          |n aaa     c</controlfield>
  <datafield tag="010" ind1=" " ind2=" ">
    <subfield code="a">no2020000098</subfield>
  </datafield>
  <datafield tag="035" ind1=" " ind2=" ">
    <subfield code="a">(OCoLC)oca12667639</subfield>
  </datafield>
  <datafield tag="040" ind1=" " ind2=" ">
    <subfield code="a">DGW-L</subfield>
    <subfield code="b">eng</subfield>
    <subfield code="e">rda</subfield>
    <subfield code="c">DGW-L</subfield>
  </datafield>
  <datafield tag="100" ind1="1" ind2=" ">
    <subfield code="a">Abbas, Hakim</subfield>
    <subfield code="c">(Scholar of Islam)</subfield>
  </datafield>
  <datafield tag="372" ind1=" " ind2=" ">
    <subfield code="a">Islamic law</subfield>
    <subfield code="a">Human rights</subfield>
    <subfield code="2">lcsh</subfield>
  </datafield>
  <datafield tag="377" ind1=" " ind2=" ">
    <subfield code="a">eng</subfield>
  </datafield>
  <datafield tag="670" ind1=" " ind2=" ">
    <subfield code="a">Abbas, Hakim (Scholar of Islam). Islamic law and human rights, 2013:</subfield>
    <subfield code="b">title page (Hakim Abbas) back cover (Hakim Abbas is a[n] American scholar of Islam and an advocate of Arab and Muslim American rights)</subfield>
  </datafield>
</record>