
<record>
  <leader>00404nz  a2200133n  4500</leader>
  <controlfield tag="001">11257552</controlfield>
  <controlfield tag="003">DLC</controlfield>
  <controlfield tag="005">20200103073012.0</controlfield>
  <controlfield tag="008">200102n| azannaabn          |n aaa     c</controlfield>
  <datafield tag="010" ind1=" " ind2=" ">
    <subfield code="a">no2020000099</subfield>
  </datafield>
  <datafield tag="035" ind1=" " ind2=" ">
    <subfield code="a">(OCoLC)oca12667640</subfield>
  </datafield>
  <datafield tag="040" ind1=" " ind2=" ">
    <subfield code="a">ICU</subfield>
    <subfield code="b">eng</subfield>
    <subfield code="e">rda</subfield>
    <subfield code="c">ICU</subfield>
  </datafield>
  <datafield tag="100" ind1="1" ind2=" ">
    <subfield code="a">Janda, Gwen Eva</subfield>
  </datafield>
  <datafield tag="670" ind1=" " ind2=" ">
    <subfield code="a">Janda, Gwen Eva. Funktionen von Possessivsuffixen in den ugrischen Sprachen, 2019:</subfield>
    <subfield code="b">title page (Gwen Eva Janda)</subfield>
  </datafield>
</record>