
<record>
  <leader>00596nz  a2200157n  4500</leader>
  <controlfield tag="001">11257556</controlfield>
  <controlfield tag="003">DLC</controlfield>
  <controlfield tag="005">20200103073012.0</controlfield>
  <controlfield tag="008">200102n| azannaabn          |n aaa     c</controlfield>
  <datafield tag="010" ind1=" " ind2=" ">
    <subfield code="a">no2020000103</subfield>
  </datafield>
  <datafield tag="035" ind1=" " ind2=" ">
    <subfield code="a">(OCoLC)oca12667644</subfield>
  </datafield>
  <datafield tag="040" ind1=" " ind2=" ">
    <subfield code="a">NL-AmU</subfield>
    <subfield code="b">eng</subfield>
    <subfield code="e">rda</subfield>
    <subfield code="c">NL-AmU</subfield>
  </datafield>
  <datafield tag="100" ind1="1" ind2=" ">
    <subfield code="a">Harris, Susan</subfield>
    <subfield code="q">(Susan K.)</subfield>
  </datafield>
  <datafield tag="377" ind1=" " ind2=" ">
    <subfield code="a">eng</subfield>
  </datafield>
  <datafield tag="670" ind1=" " ind2=" ">
    <subfield code="a">The Final Palaeolithic of Northern Eurasia, [2019]:</subfield>
    <subfield code="b">title page (edited by Susan Harris)</subfield>
  </datafield>
  <datafield tag="670" ind1=" " ind2=" ">
    <subfield code="a">National Science Foundation website, viewed January 2, 2020:</subfield>
    <subfield code="b">award abstract #0901893 (Harris, Susan K.)</subfield>
    <subfield code="u">https://www.nsf.gov/awardsearch/showAward?AWD_ID=0901893</subfield>
  </datafield>
</record>